{"ts":1771978439515,"source":"hl_ws","message":{"channel":"subscriptionResponse","data":{"method":"subscribe","subscription":{"type":"l2Book","coin":"BTC","nSigFigs":null,"mantissa":null}}}}
{"ts":1771978439515,"source":"hl_ws","message":{"channel":"l2Book","data":{"coin":"BTC","time":1771978439073,"levels":[[{"px":"63905.0","sz":"5.22034","n":16},{"px":"63904.0","sz":"0.51564","n":2},{"px":"63903.0","sz":"0.00024","n":1},{"px":"63901.0","sz":"0.05613","n":1},{"px":"63900.0","sz":"0.3233","n":1},{"px":"63899.0","sz":"1.39336","n":2},{"px":"63898.0","sz":"0.033","n":2},{"px":"63897.0","sz":"0.48987","n":3},{"px":"63896.0","sz":"1.23277","n":3},{"px":"63895.0","sz":"0.04191","n":2},{"px":"63894.0","sz":"0.33481","n":3},{"px":"63893.0","sz":"0.10927","n":5},{"px":"63892.0","sz":"1.52813","n":6},{"px":"63891.0","sz":"0.08832","n":7},{"px":"63890.0","sz":"0.2","n":1},{"px":"63889.0","sz":"0.79544","n":6},{"px":"63888.0","sz":"2.60528","n":3},{"px":"63887.0","sz":"1.57446","n":7},{"px":"63886.0","sz":"1.0713","n":5},{"px":"63885.0","sz":"2.12122","n":6}],[{"px":"63906.0","sz":"0.60445","n":6},{"px":"63907.0","sz":"2.34862","n":11},{"px":"63908.0","sz":"0.82907","n":5},{"px":"63909.0","sz":"1.87797","n":3},{"px":"63910.0","sz":"0.00017","n":1},{"px":"63911.0","sz":"3.99002","n":3},{"px":"63912.0","sz":"4.22536","n":8},{"px":"63913.0","sz":"1.20365","n":3},{"px":"63914.0","sz":"2.61081","n":4},{"px":"63915.0","sz":"0.48062","n":2},{"px":"63916.0","sz":"3.89971","n":4},{"px":"63917.0","sz":"13.08937","n":4},{"px":"63918.0","sz":"7.63262","n":8},{"px":"63919.0","sz":"0.38707","n":4},{"px":"63920.0","sz":"9.36483","n":3},{"px":"63921.0","sz":"4.09879","n":10},{"px":"63922.0","sz":"0.03119","n":4},{"px":"63923.0","sz":"1.23648","n":4},{"px":"63924.0","sz":"9.51727","n":3},{"px":"63925.0","sz":"11.41238","n":6}]]}}}
{"ts":1771978439526,"source":"hl_ws","message":{"channel":"subscriptionResponse","data":{"method":"subscribe","subscription":{"type":"trades","coin":"BTC"}}}}
{"ts":1771978439526,"source":"hl_ws","message":{"channel":"trades","data":[{"coin":"BTC","side":"B","px":"63903.0","sz":"0.00117","time":1771978435723,"hash":"0x441606435218c52e458f0435f284a20213f70028ed1be400e7deb196111c9f18","tid":446513387609222,"users":["0x89a289b2e7436ddb73d00812f9d904d761243ab6","0xc6ef411a92428ec7f9fc0bc8e84ee3515bfeea7e"]},{"coin":"BTC","side":"B","px":"63903.0","sz":"0.01028","time":1771978436059,"hash":"0x0000000000000000000000000000000000000000000000000000000000000000","tid":923856607473047,"users":["0x33d730566fb2aeb4d93db15fcca7fd980cc53bad","0xc6ef411a92428ec7f9fc0bc8e84ee3515bfeea7e"]},{"coin":"BTC","side":"B","px":"63903.0","sz":"0.32808","time":1771978436063,"hash":"0x2ddeda03ef3490162f580435f284a70202c000e98a37aee8d1a78556ae386a00","tid":251436853655072,"users":["0xd3943e40080322c21c65d94966d4212331302c92","0xc6ef411a92428ec7f9fc0bc8e84ee3515bfeea7e"]},{"coin":"BTC","side":"B","px":"63903.0","sz":"0.17268","time":1771978436118,"hash":"0x295bdb572b33b8f12ad50435f284a80202bb003cc636d7c3cd2486a9ea3792db","tid":356084693209521,"users":["0xb668858ff53322d5511651a2cd92391eb5d60ee3","0xc6ef411a92428ec7f9fc0bc8e84ee3515bfeea7e"]},{"coin":"BTC","side":"B","px":"63903.0","sz":"0.00125","time":1771978436118,"hash":"0x295bdb572b33b8f12ad50435f284a80202bb003cc636d7c3cd2486a9ea3792db","tid":856383776213744,"users":["0xb668858ff53322d5511651a2cd92391eb5d60ee3","0x4cd2393c90a4e769972a9862540492b4bc19695c"]},{"coin":"BTC","side":"B","px":"63903.0","sz":"0.0003","time":1771978436118,"hash":"0x295bdb572b33b8f12ad50435f284a80202bb003cc636d7c3cd2486a9ea3792db","tid":570251856816878,"users":["0xb668858ff53322d5511651a2cd92391eb5d60ee3","0xef3d048fc644f8cce5f1b46aee95c0f8987d02a7"]},{"coin":"BTC","side":"B","px":"63903.0","sz":"0.05","time":1771978436118,"hash":"0x295bdb572b33b8f12ad50435f284a80202bb003cc636d7c3cd2486a9ea3792db","tid":187370186043265,"users":["0xb668858ff53322d5511651a2cd92391eb5d60ee3","0x936cf4fb95c30ce83f658b5bbb247e4bb381bb0f"]},{"coin":"BTC","side":"B","px":"63903.0","sz":"0.00017","time":1771978436118,"hash":"0x295bdb572b33b8f12ad50435f284a80202bb003cc636d7c3cd2486a9ea3792db","tid":622186854194384,"users":["0xb668858ff53322d5511651a2cd92391eb5d60ee3","0xf0480a7892bc260658e82359f3c9374bc0a75444"]},{"coin":"BTC","side":"B","px":"63904.0","sz":"0.00017","time":1771978436168,"hash":"0x4e52e86affd3a25c4fcc0435f284a90202d000509ad6c12ef21b93bdbed77c46","tid":618603540228987,"users":["0x7dbeb1e7eb118e20ef5b332096cdba0528034639","0xf0480a7892bc260658e82359f3c9374bc0a75444"]},{"coin":"BTC","side":"B","px":"63904.0","sz":"0.00016","time":1771978436168,"hash":"0x4e52e86affd3a25c4fcc0435f284a90202d000509ad6c12ef21b93bdbed77c46","tid":589282960303489,"users":["0x7dbeb1e7eb118e20ef5b332096cdba0528034639","0x75b20828f1d390efbaa38132ea78c9a0523d6a56"]},{"coin":"BTC","side":"B","px":"63905.0","sz":"0.00017","time":1771978436368,"hash":"0x67f9fc2799dba56c69730435f284ab0209e6000d34dec43e0bc2a77a58df7f57","tid":1000568407864833,"users":["0x5c180cb3c5ee1f41d71c5ed3ac3d6bf0ef02c3b9","0xf0480a7892bc260658e82359f3c9374bc0a75444"]},{"coin":"BTC","side":"B","px":"63906.0","sz":"0.00008","time":1771978436368,"hash":"0x67f9fc2799dba56c69730435f284ab0209e6000d34dec43e0bc2a77a58df7f57","tid":91849624953684,"users":["0x5c180cb3c5ee1f41d71c5ed3ac3d6bf0ef02c3b9","0xf0480a7892bc260658e82359f3c9374bc0a75444"]},{"coin":"BTC","side":"B","px":"63906.0","sz":"0.00009","time":1771978436571,"hash":"0x28ce77472a51d1f72a480435f284ae0202df002cc554f0c9cc972299e955abe1","tid":1117188724903949,"users":["0xb9050603163dcf0d8ebf7bfe62b8e0848cba64de","0xf0480a7892bc260658e82359f3c9374bc0a75444"]},{"coin":"BTC","side":"B","px":"63906.0","sz":"0.00007","time":1771978436571,"hash":"0x28ce77472a51d1f72a480435f284ae0202df002cc554f0c9cc972299e955abe1","tid":797110961157880,"users":["0xb9050603163dcf0d8ebf7bfe62b8e0848cba64de","0x75b20828f1d390efbaa38132ea78c9a0523d6a56"]},{"coin":"BTC","side":"A","px":"63905.0","sz":"0.00116","time":1771978436662,"hash":"0x0bd114c919ad335f0d4a0435f284af0202d700aeb4a05231af99c01bd8a10d49","tid":295533119706316,"users":["0xabfae5ef417fec83a63dcdbff5a13f71d09045c5","0x89a289b2e7436ddb73d00812f9d904d761243ab6"]},{"coin":"BTC","side":"A","px":"63905.0","sz":"0.0004","time":1771978436922,"hash":"0xd00b8616a7b91ee8d1850435f284b202041100fc42bc3dba73d4316966bcf8d3","tid":881932989930177,"users":["0xabfae5ef417fec83a63dcdbff5a13f71d09045c5","0x7d19bdb5fb07581eab2911f255213ab6054a0422"]},{"coin":"BTC","side":"B","px":"63906.0","sz":"0.00082","time":1771978437096,"hash":"0x0000000000000000000000000000000000000000000000000000000000000000","tid":699952064548420,"users":["0x6e2c5323888a98cbbe4d29cfbf1113841ffcf48e","0xd3943e40080322c21c65d94966d4212331302c92"]},{"coin":"BTC","side":"A","px":"63905.0","sz":"0.00021","time":1771978437096,"hash":"0x0000000000000000000000000000000000000000000000000000000000000000","tid":509679308681751,"users":["0xabfae5ef417fec83a63dcdbff5a13f71d09045c5","0xd8592afc09c864df215d8012122aed08e4ae453f"]},{"coin":"BTC","side":"B","px":"63906.0","sz":"0.00091","time":1771978437096,"hash":"0x0000000000000000000000000000000000000000000000000000000000000000","tid":97913540465605,"users":["0x69523edb8337e624ea97a0c097ac5d3dede8e3d5","0xd3943e40080322c21c65d94966d4212331302c92"]},{"coin":"BTC","side":"A","px":"63905.0","sz":"0.00062","time":1771978437096,"hash":"0x0000000000000000000000000000000000000000000000000000000000000000","tid":71984275303830,"users":["0xabfae5ef417fec83a63dcdbff5a13f71d09045c5","0xd8592afc09c864df215d8012122aed08e4ae453f"]},{"coin":"BTC","side":"B","px":"63906.0","sz":"0.00028","time":1771978437778,"hash":"0x9bf1e7f29199d7c49d6b0435f284be02012300d82c9cf6963fba9345509db1af","tid":679708381116535,"users":["0xe2ba729b458c50ccefdc2f8796bbcbe6ecf60696","0xd3943e40080322c21c65d94966d4212331302c92"]},{"coin":"BTC","side":"B","px":"63906.0","sz":"0.00046","time":1771978437778,"hash":"0x9bf1e7f29199d7c49d6b0435f284be02012300d82c9cf6963fba9345509db1af","tid":134247243649154,"users":["0xc352721fef8391994bbdb33624a0739f612e5d7b","0xd3943e40080322c21c65d94966d4212331302c92"]},{"coin":"BTC","side":"B","px":"63906.0","sz":"0.00046","time":1771978437778,"hash":"0x9bf1e7f29199d7c49d6b0435f284be02012300d82c9cf6963fba9345509db1af","tid":983129679391780,"users":["0xe3260460ea6ec524586582b3d4c495b3543739dc","0xd3943e40080322c21c65d94966d4212331302c92"]},{"coin":"BTC","side":"B","px":"63906.0","sz":"0.00078","time":1771978437778,"hash":"0x9bf1e7f29199d7c49d6b0435f284be02012300d82c9cf6963fba9345509db1af","tid":407937278548395,"users":["0x912c7832147ad60bd315eb07ae3003ae87e366d8","0xd3943e40080322c21c65d94966d4212331302c92"]},{"coin":"BTC","side":"A","px":"63905.0","sz":"0.03751","time":1771978437778,"hash":"0x9bf1e7f29199d7c49d6b0435f284be02012300d82c9cf6963fba9345509db1af","tid":95622346951544,"users":["0x2df8f8d2468f23885609b868d3c6398a1b16f43d","0x200e898e68d7a22c0c9f8f829d9d121da37108b9"]},{"coin":"BTC","side":"B","px":"63906.0","sz":"0.00029","time":1771978437778,"hash":"0xb46c4bc3de4d9f37b5e60435f284be02012600a97940be095834f7169d417922","tid":361436738063938,"users":["0x307ecf75fb4ab378c35a61b1aaf71d68172dceb5","0xd3943e40080322c21c65d94966d4212331302c92"]},{"coin":"BTC","side":"A","px":"63905.0","sz":"0.00275","time":1771978437958,"hash":"0x62a505f7c9cbcbdb641e0435f284c002051400dd64ceeaad066db14a88cfa5c6","tid":623219433886725,"users":["0x2df8f8d2468f23885609b868d3c6398a1b16f43d","0x06e50f69ee026040d8d78d011b7db8cf00e1c2b8"]},{"coin":"BTC","side":"B","px":"63906.0","sz":"0.00125","time":1771978438089,"hash":"0x0000000000000000000000000000000000000000000000000000000000000000","tid":616075827379011,"users":["0x8a544ab75107efd541c9072a0efebb87cc4292f3","0x4cd2393c90a4e769972a9862540492b4bc19695c"]},{"coin":"BTC","side":"B","px":"63906.0","sz":"0.00028","time":1771978438089,"hash":"0x0000000000000000000000000000000000000000000000000000000000000000","tid":549640409571876,"users":["0x8a544ab75107efd541c9072a0efebb87cc4292f3","0xf5d81a135f756ca16544e53c20fc20643ec3ad53"]},{"coin":"BTC","side":"B","px":"63906.0","sz":"0.00939","time":1771978438163,"hash":"0x6275efe063f9a4ea63ef0435f284c202042500c5fefcc3bc063e9b3322fd7ed5","tid":979886002613838,"users":["0x24db6f5e2a6c4af50079327c5eb90773ff0a2c8d","0xf5d81a135f756ca16544e53c20fc20643ec3ad53"]}]}}
{"ts":1771978439548,"source":"hl_ws","message":{"channel":"subscriptionResponse","data":{"method":"subscribe","subscription":{"type":"activeAssetCtx","coin":"BTC"}}}}
{"ts":1771978439548,"source":"hl_ws","message":{"channel":"activeAssetCtx","data":{"coin":"BTC","ctx":{"funding":"-0.0000168827","openInterest":"25568.23414","prevDayPx":"64876.0","dayNtlVlm":"3211883692.950838089","premium":"-0.0008286559","oraclePx":"63959.0","markPx":"63917.0","midPx":"63905.5","impactPxs":["63905.0","63906.0"],"dayBaseVlm":"50340.8530800001"}}}}
{"ts":1771978439786,"source":"hl_ws","message":{"channel":"activeAssetCtx","data":{"coin":"BTC","ctx":{"funding":"-0.0000168827","openInterest":"25568.23414","prevDayPx":"64876.0","dayNtlVlm":"3211883692.950838089","premium":"-0.0008286559","oraclePx":"63959.0","markPx":"63917.0","midPx":"63905.5","impactPxs":["63905.0","63906.0"],"dayBaseVlm":"50340.8530800001"}}}}
{"ts":1771978439960,"source":"hl_ws","message":{"channel":"trades","data":[{"coin":"BTC","side":"B","px":"63906.0","sz":"0.00117","time":1771978439691,"hash":"0x6d9140c4b92477986f0a0435f284d20201a000aa5427966a1159ec1778285183","tid":78714111836615,"users":["0x89a289b2e7436ddb73d00812f9d904d761243ab6","0xf5d81a135f756ca16544e53c20fc20643ec3ad53"]}]}}
{"ts":1771978439961,"source":"hl_ws","message":{"channel":"l2Book","data":{"coin":"BTC","time":1771978439691,"levels":[[{"px":"63905.0","sz":"5.29932","n":20},{"px":"63904.0","sz":"0.5","n":1},{"px":"63903.0","sz":"0.00024","n":1},{"px":"63901.0","sz":"0.05613","n":1},{"px":"63900.0","sz":"0.3233","n":1},{"px":"63898.0","sz":"1.20668","n":3},{"px":"63897.0","sz":"0.25513","n":2},{"px":"63896.0","sz":"0.29918","n":3},{"px":"63895.0","sz":"0.04191","n":2},{"px":"63894.0","sz":"0.33481","n":3},{"px":"63893.0","sz":"0.10927","n":5},{"px":"63892.0","sz":"1.52813","n":6},{"px":"63891.0","sz":"0.3454","n":8},{"px":"63890.0","sz":"0.2","n":1},{"px":"63889.0","sz":"0.79544","n":6},{"px":"63888.0","sz":"0.72706","n":2},{"px":"63887.0","sz":"1.41794","n":6},{"px":"63886.0","sz":"2.94958","n":6},{"px":"63885.0","sz":"3.3323","n":7},{"px":"63884.0","sz":"0.55597","n":3}],[{"px":"63906.0","sz":"3.62855","n":15},{"px":"63907.0","sz":"2.61069","n":10},{"px":"63908.0","sz":"0.75623","n":4},{"px":"63909.0","sz":"0.00033","n":2},{"px":"63910.0","sz":"3.16148","n":4},{"px":"63911.0","sz":"11.03546","n":6},{"px":"63912.0","sz":"2.26418","n":6},{"px":"63913.0","sz":"1.20365","n":3},{"px":"63914.0","sz":"0.26396","n":3},{"px":"63915.0","sz":"0.48062","n":2},{"px":"63916.0","sz":"3.89971","n":4},{"px":"63917.0","sz":"13.08937","n":4},{"px":"63918.0","sz":"6.46497","n":8},{"px":"63919.0","sz":"1.69203","n":6},{"px":"63920.0","sz":"3.17527","n":5},{"px":"63921.0","sz":"3.60509","n":10},{"px":"63922.0","sz":"0.03119","n":4},{"px":"63923.0","sz":"1.23648","n":4},{"px":"63924.0","sz":"9.51727","n":3},{"px":"63925.0","sz":"11.41238","n":6}]]}}}
{"ts":1771978440425,"source":"hl_ws","message":{"channel":"l2Book","data":{"coin":"BTC","time":1771978440222,"levels":[[{"px":"63905.0","sz":"2.75382","n":11},{"px":"63904.0","sz":"0.5","n":1},{"px":"63903.0","sz":"0.00024","n":1},{"px":"63901.0","sz":"1.83483","n":3},{"px":"63900.0","sz":"0.56311","n":2},{"px":"63898.0","sz":"0.22832","n":2},{"px":"63897.0","sz":"0.03043","n":1},{"px":"63896.0","sz":"0.06444","n":2},{"px":"63895.0","sz":"1.21564","n":3},{"px":"63894.0","sz":"0.33481","n":3},{"px":"63893.0","sz":"0.34421","n":7},{"px":"63892.0","sz":"0.06095","n":5},{"px":"63891.0","sz":"0.08832","n":7},{"px":"63890.0","sz":"1.74542","n":3},{"px":"63889.0","sz":"0.05309","n":4},{"px":"63888.0","sz":"0.50588","n":2},{"px":"63887.0","sz":"1.33556","n":5},{"px":"63886.0","sz":"1.08369","n":6},{"px":"63885.0","sz":"2.00182","n":5},{"px":"63884.0","sz":"2.66909","n":5}],[{"px":"63906.0","sz":"5.62176","n":21},{"px":"63907.0","sz":"3.00693","n":12},{"px":"63908.0","sz":"0.75623","n":4},{"px":"63909.0","sz":"3.91998","n":4},{"px":"63910.0","sz":"1.28387","n":2},{"px":"63911.0","sz":"7.25495","n":5},{"px":"63912.0","sz":"5.37775","n":9},{"px":"63913.0","sz":"10.5379","n":4},{"px":"63914.0","sz":"0.35802","n":4},{"px":"63915.0","sz":"0.05815","n":2},{"px":"63916.0","sz":"3.20665","n":4},{"px":"63917.0","sz":"14.52608","n":6},{"px":"63918.0","sz":"7.22458","n":8},{"px":"63919.0","sz":"0.44047","n":5},{"px":"63920.0","sz":"2.37722","n":3},{"px":"63921.0","sz":"3.39064","n":10},{"px":"63922.0","sz":"1.2827","n":5},{"px":"63923.0","sz":"4.16963","n":5},{"px":"63924.0","sz":"9.51727","n":3},{"px":"63925.0","sz":"11.41238","n":6}]]}}}
{"ts":1771978440838,"source":"hl_ws","message":{"channel":"activeAssetCtx","data":{"coin":"BTC","ctx":{"funding":"-0.0000170259","openInterest":"25568.23648","prevDayPx":"64876.0","dayNtlVlm":"3211883767.848388195","premium":"-0.0008286559","oraclePx":"63959.0","markPx":"63917.0","midPx":"63905.5","impactPxs":["63905.0","63906.0"],"dayBaseVlm":"50340.8542500001"}}}}
{"ts":1771978440979,"source":"hl_ws","message":{"channel":"trades","data":[{"coin":"BTC","side":"B","px":"63906.0","sz":"0.0002","time":1771978440713,"hash":"0x54a9f7d4c448137856230435f284de0205e600ba5f4b324af872a327834bed62","tid":177528208646725,"users":["0xe3128b26738311d13c2bc9e3f0de44b9dd512a4d","0x33ad48ed92e3e91a98278f0f7456eae6eafa516e"]},{"coin":"BTC","side":"A","px":"63905.0","sz":"0.02192","time":1771978440713,"hash":"0x54a9f7d4c448137856230435f284de0205e600ba5f4b324af872a327834bed62","tid":88150473772163,"users":["0x2df8f8d2468f23885609b868d3c6398a1b16f43d","0xa2b5142a8953116f0e33b91e97993d7e9adc88e4"]}]}}
{"ts":1771978441131,"source":"hl_ws","message":{"channel":"l2Book","data":{"coin":"BTC","time":1771978440793,"levels":[[{"px":"63905.0","sz":"3.33592","n":14},{"px":"63904.0","sz":"0.5","n":1},{"px":"63902.0","sz":"0.00024","n":1},{"px":"63901.0","sz":"1.38741","n":2},{"px":"63900.0","sz":"0.23981","n":1},{"px":"63898.0","sz":"0.22832","n":2},{"px":"63897.0","sz":"0.02048","n":1},{"px":"63896.0","sz":"0.23474","n":1},{"px":"63895.0","sz":"0.04191","n":2},{"px":"63894.0","sz":"0.03086","n":1},{"px":"63893.0","sz":"3.32755","n":8},{"px":"63892.0","sz":"0.06095","n":5},{"px":"63891.0","sz":"1.76371","n":7},{"px":"63890.0","sz":"0.2","n":1},{"px":"63889.0","sz":"0.04289","n":3},{"px":"63888.0","sz":"0.01359","n":1},{"px":"63887.0","sz":"4.02753","n":5},{"px":"63886.0","sz":"0.05766","n":4},{"px":"63885.0","sz":"0.79074","n":4},{"px":"63884.0","sz":"0.71249","n":4}],[{"px":"63906.0","sz":"0.35371","n":5},{"px":"63907.0","sz":"2.22147","n":10},{"px":"63908.0","sz":"0.75623","n":4},{"px":"63909.0","sz":"1.4164","n":4},{"px":"63910.0","sz":"0.00017","n":1},{"px":"63911.0","sz":"0.00017","n":1},{"px":"63912.0","sz":"0.26786","n":4},{"px":"63913.0","sz":"1.20656","n":4},{"px":"63914.0","sz":"1.88066","n":3},{"px":"63915.0","sz":"1.40825","n":3},{"px":"63916.0","sz":"7.97845","n":5},{"px":"63917.0","sz":"0.05436","n":3},{"px":"63918.0","sz":"3.58566","n":7},{"px":"63919.0","sz":"0.44047","n":5},{"px":"63920.0","sz":"0.35051","n":3},{"px":"63921.0","sz":"2.21597","n":8},{"px":"63922.0","sz":"0.03119","n":4},{"px":"63923.0","sz":"1.23648","n":4},{"px":"63924.0","sz":"6.93367","n":6},{"px":"63925.0","sz":"13.30502","n":5}]]}}}
{"ts":1771978441374,"source":"hl_ws","message":{"channel":"trades","data":[{"coin":"BTC","side":"B","px":"63906.0","sz":"0.00018","time":1771978441111,"hash":"0x0000000000000000000000000000000000000000000000000000000000000000","tid":1046227456558825,"users":["0x4594d0b089984277ae64bdea2093c28db66d3e01","0x33ad48ed92e3e91a98278f0f7456eae6eafa516e"]}]}}
{"ts":1771978441407,"source":"hl_ws","message":{"channel":"trades","data":[{"coin":"BTC","side":"A","px":"63905.0","sz":"0.05","time":1771978441197,"hash":"0x81c2bd965af7e4a3833c0435f284e30202b0007bf5fb0375258b68e919fbbe8e","tid":666782747701334,"users":["0x2df8f8d2468f23885609b868d3c6398a1b16f43d","0xdc7bf4d19f98e3082251a75938ce4775224b19bb"]}]}}
{"ts":1771978441610,"source":"hl_ws","message":{"channel":"l2Book","data":{"coin":"BTC","time":1771978441311,"levels":[[{"px":"63905.0","sz":"3.68333","n":17},{"px":"63904.0","sz":"0.9","n":2},{"px":"63902.0","sz":"1.17387","n":2},{"px":"63901.0","sz":"0.21384","n":1},{"px":"63900.0","sz":"0.23981","n":1},{"px":"63899.0","sz":"0.03408","n":1},{"px":"63898.0","sz":"0.28227","n":3},{"px":"63897.0","sz":"0.04346","n":2},{"px":"63896.0","sz":"0.23474","n":1},{"px":"63895.0","sz":"0.03037","n":1},{"px":"63894.0","sz":"0.44187","n":2},{"px":"63893.0","sz":"1.26518","n":6},{"px":"63892.0","sz":"0.06095","n":5},{"px":"63891.0","sz":"1.60374","n":6},{"px":"63890.0","sz":"1.37388","n":2},{"px":"63889.0","sz":"0.04289","n":3},{"px":"63888.0","sz":"1.89278","n":3},{"px":"63887.0","sz":"0.27115","n":4},{"px":"63886.0","sz":"0.14018","n":5},{"px":"63885.0","sz":"4.54735","n":5}],[{"px":"63906.0","sz":"0.19705","n":4},{"px":"63907.0","sz":"1.76583","n":8},{"px":"63908.0","sz":"0.75623","n":4},{"px":"63909.0","sz":"0.00033","n":2},{"px":"63910.0","sz":"0.00017","n":1},{"px":"63911.0","sz":"2.11252","n":3},{"px":"63912.0","sz":"4.34098","n":7},{"px":"63913.0","sz":"1.20656","n":4},{"px":"63914.0","sz":"0.26396","n":3},{"px":"63915.0","sz":"10.12101","n":6},{"px":"63916.0","sz":"9.49979","n":3},{"px":"63917.0","sz":"0.05436","n":3},{"px":"63918.0","sz":"1.23895","n":6},{"px":"63919.0","sz":"3.99515","n":5},{"px":"63920.0","sz":"11.1514","n":5},{"px":"63921.0","sz":"2.21597","n":8},{"px":"63922.0","sz":"4.88358","n":6},{"px":"63923.0","sz":"1.84483","n":5},{"px":"63924.0","sz":"9.0302","n":7},{"px":"63925.0","sz":"0.06415","n":3}]]}}}
{"ts":1771978441748,"source":"hl_ws","message":{"channel":"trades","data":[{"coin":"BTC","side":"A","px":"63905.0","sz":"0.00116","time":1771978441515,"hash":"0x5858e06986fe102659d20435f284e6020621004f21f12ef8fc218bbc45f1ea10","tid":33661761227906,"users":["0x2df8f8d2468f23885609b868d3c6398a1b16f43d","0x89a289b2e7436ddb73d00812f9d904d761243ab6"]}]}}
{"ts":1771978441819,"source":"hl_ws","message":{"channel":"activeAssetCtx","data":{"coin":"BTC","ctx":{"funding":"-0.0000170259","openInterest":"25568.33608","prevDayPx":"64876.0","dayNtlVlm":"3211888470.3902878761","premium":"-0.0007161621","oraclePx":"63952.0","markPx":"63910.0","midPx":"63905.5","impactPxs":["63905.0","63906.2"],"dayBaseVlm":"50340.9277100001"}}}}
{"ts":1771978442201,"source":"hl_ws","message":{"channel":"trades","data":[{"coin":"BTC","side":"A","px":"63905.0","sz":"0.00429","time":1771978441932,"hash":"0xdedaeb3654667306e0540435f284eb020d37001bef6991d882a39689136a4cf1","tid":818420090741533,"users":["0x2df8f8d2468f23885609b868d3c6398a1b16f43d","0xbab228da0bdfa03277bc8964a9571da7bbfdb65e"]}]}}
{"ts":1771978442202,"source":"hl_ws","message":{"channel":"l2Book","data":{"coin":"BTC","time":1771978441932,"levels":[[{"px":"63905.0","sz":"5.06157","n":20},{"px":"63904.0","sz":"0.9","n":2},{"px":"63903.0","sz":"0.48271","n":2},{"px":"63901.0","sz":"0.46003","n":2},{"px":"63900.0","sz":"0.06795","n":1},{"px":"63899.0","sz":"2.8492","n":5},{"px":"63898.0","sz":"0.05695","n":2},{"px":"63897.0","sz":"0.04346","n":2},{"px":"63896.0","sz":"0.0301","n":1},{"px":"63895.0","sz":"0.26497","n":3},{"px":"63894.0","sz":"2.31993","n":3},{"px":"63893.0","sz":"0.09679","n":5},{"px":"63892.0","sz":"0.29571","n":6},{"px":"63891.0","sz":"0.51208","n":5},{"px":"63890.0","sz":"6.42837","n":4},{"px":"63889.0","sz":"4.23992","n":6},{"px":"63888.0","sz":"0.01359","n":1},{"px":"63887.0","sz":"0.03637","n":3},{"px":"63886.0","sz":"2.71978","n":7},{"px":"63885.0","sz":"4.54739","n":5}],[{"px":"63906.0","sz":"0.17102","n":2},{"px":"63907.0","sz":"0.01897","n":4},{"px":"63908.0","sz":"0.75623","n":4},{"px":"63909.0","sz":"0.00017","n":1},{"px":"63910.0","sz":"0.00017","n":1},{"px":"63911.0","sz":"0.00017","n":1},{"px":"63912.0","sz":"0.03317","n":3},{"px":"63913.0","sz":"1.20656","n":4},{"px":"63914.0","sz":"0.00017","n":1},{"px":"63915.0","sz":"0.00385","n":2},{"px":"63916.0","sz":"11.82126","n":6},{"px":"63917.0","sz":"0.00033","n":2},{"px":"63918.0","sz":"7.00087","n":8},{"px":"63919.0","sz":"4.66906","n":5},{"px":"63920.0","sz":"10.37393","n":5},{"px":"63921.0","sz":"2.03772","n":7},{"px":"63922.0","sz":"2.57778","n":6},{"px":"63923.0","sz":"1.84507","n":6},{"px":"63924.0","sz":"4.72831","n":4},{"px":"63925.0","sz":"5.51973","n":6}]]}}}
{"ts":1771978442305,"source":"hl_ws","message":{"channel":"trades","data":[{"coin":"BTC","side":"A","px":"63905.0","sz":"0.0043","time":1771978442006,"hash":"0xb3967b1cd98d31a5b5100435f284ec020594000274805077575f266f98810b90","tid":893735836376446,"users":["0x2df8f8d2468f23885609b868d3c6398a1b16f43d","0xbab228da0bdfa03277bc8964a9571da7bbfdb65e"]},{"coin":"BTC","side":"A","px":"63905.0","sz":"0.00077","time":1771978442006,"hash":"0x7ee455893fc23b94805e0435f284ec020598006edac55a6622ad00dbfec6157f","tid":512211945392253,"users":["0x2df8f8d2468f23885609b868d3c6398a1b16f43d","0xfd18bda85a7f9eda49d7356fa0ad6f3fca4dcd44"]}]}}
{"ts":1771978442562,"source":"hl_ws","message":{"channel":"trades","data":[{"coin":"BTC","side":"A","px":"63905.0","sz":"0.0043","time":1771978442409,"hash":"0x664b2bfe215eab6a67c40435f284f102054000e3bc51ca3c0a13d750e0528555","tid":543244878866676,"users":["0x2df8f8d2468f23885609b868d3c6398a1b16f43d","0xbab228da0bdfa03277bc8964a9571da7bbfdb65e"]}]}}
{"ts":1771978442680,"source":"hl_ws","message":{"channel":"l2Book","data":{"coin":"BTC","time":1771978442477,"levels":[[{"px":"63905.0","sz":"5.30685","n":24},{"px":"63904.0","sz":"0.9","n":2},{"px":"63903.0","sz":"0.34254","n":2},{"px":"63901.0","sz":"0.22531","n":1},{"px":"63900.0","sz":"0.77757","n":4},{"px":"63899.0","sz":"2.87953","n":6},{"px":"63898.0","sz":"0.03435","n":3},{"px":"63897.0","sz":"0.35325","n":5},{"px":"63896.0","sz":"0.0301","n":1},{"px":"63895.0","sz":"0.26597","n":4},{"px":"63894.0","sz":"1.9675","n":3},{"px":"63893.0","sz":"0.47651","n":6},{"px":"63892.0","sz":"1.55204","n":8},{"px":"63891.0","sz":"1.48192","n":6},{"px":"63890.0","sz":"6.22837","n":3},{"px":"63889.0","sz":"4.23992","n":6},{"px":"63888.0","sz":"0.01359","n":1},{"px":"63887.0","sz":"0.19288","n":4},{"px":"63886.0","sz":"2.63726","n":6},{"px":"63885.0","sz":"4.54739","n":5}],[{"px":"63906.0","sz":"0.21706","n":3},{"px":"63907.0","sz":"0.01897","n":4},{"px":"63908.0","sz":"0.75623","n":4},{"px":"63909.0","sz":"0.00017","n":1},{"px":"63910.0","sz":"0.00017","n":1},{"px":"63911.0","sz":"1.17525","n":3},{"px":"63912.0","sz":"0.03317","n":3},{"px":"63913.0","sz":"1.20656","n":4},{"px":"63914.0","sz":"0.00017","n":1},{"px":"63915.0","sz":"2.86516","n":3},{"px":"63916.0","sz":"11.58658","n":5},{"px":"63917.0","sz":"0.00033","n":2},{"px":"63918.0","sz":"6.26821","n":7},{"px":"63919.0","sz":"4.45889","n":3},{"px":"63920.0","sz":"10.37393","n":5},{"px":"63921.0","sz":"1.53281","n":6},{"px":"63922.0","sz":"6.02452","n":7},{"px":"63923.0","sz":"1.8989","n":7},{"px":"63924.0","sz":"2.38748","n":4},{"px":"63925.0","sz":"5.51973","n":6}]]}}}
{"ts":1771978442875,"source":"hl_ws","message":{"channel":"trades","data":[{"coin":"BTC","side":"A","px":"63905.0","sz":"0.00077","time":1771978442528,"hash":"0x5987f27d6865081c5b010435f284f302024f0063036826eefd509dd02768e206","tid":299060706808126,"users":["0x2df8f8d2468f23885609b868d3c6398a1b16f43d","0xfd18bda85a7f9eda49d7356fa0ad6f3fca4dcd44"]}]}}
{"ts":1771978442876,"source":"hl_ws","message":{"channel":"activeAssetCtx","data":{"coin":"BTC","ctx":{"funding":"-0.0000170259","openInterest":"25568.36494","prevDayPx":"64876.0","dayNtlVlm":"3211889394.1267380714","premium":"-0.0007005254","oraclePx":"63952.0","markPx":"63910.0","midPx":"63905.5","impactPxs":["63905.0","63907.2"],"dayBaseVlm":"50340.9421400001"}}}}
{"ts":1771978443314,"source":"hl_ws","message":{"channel":"trades","data":[{"coin":"BTC","side":"A","px":"63905.0","sz":"0.00067","time":1771978443008,"hash":"0x0000000000000000000000000000000000000000000000000000000000000000","tid":1009597091797014,"users":["0x2df8f8d2468f23885609b868d3c6398a1b16f43d","0xd8592afc09c864df215d8012122aed08e4ae453f"]}]}}
{"ts":1771978443314,"source":"hl_ws","message":{"channel":"l2Book","data":{"coin":"BTC","time":1771978443008,"levels":[[{"px":"63905.0","sz":"5.30541","n":24},{"px":"63904.0","sz":"0.9","n":2},{"px":"63903.0","sz":"0.34254","n":2},{"px":"63901.0","sz":"0.22531","n":1},{"px":"63900.0","sz":"0.75325","n":4},{"px":"63899.0","sz":"2.87953","n":6},{"px":"63898.0","sz":"0.03435","n":3},{"px":"63897.0","sz":"0.35325","n":5},{"px":"63896.0","sz":"0.0301","n":1},{"px":"63895.0","sz":"0.26597","n":4},{"px":"63894.0","sz":"2.2087","n":4},{"px":"63893.0","sz":"0.85987","n":7},{"px":"63892.0","sz":"1.52175","n":7},{"px":"63891.0","sz":"1.48192","n":6},{"px":"63890.0","sz":"6.66837","n":4},{"px":"63889.0","sz":"4.23992","n":6},{"px":"63888.0","sz":"0.01359","n":1},{"px":"63887.0","sz":"0.85288","n":5},{"px":"63886.0","sz":"2.63726","n":6},{"px":"63885.0","sz":"4.54739","n":5}],[{"px":"63906.0","sz":"0.21706","n":3},{"px":"63907.0","sz":"0.01897","n":4},{"px":"63908.0","sz":"0.75623","n":4},{"px":"63909.0","sz":"0.00017","n":1},{"px":"63910.0","sz":"0.00017","n":1},{"px":"63911.0","sz":"1.17525","n":3},{"px":"63912.0","sz":"0.03333","n":4},{"px":"63913.0","sz":"1.20656","n":4},{"px":"63914.0","sz":"0.00017","n":1},{"px":"63915.0","sz":"2.48611","n":3},{"px":"63916.0","sz":"11.58658","n":5},{"px":"63917.0","sz":"0.00033","n":2},{"px":"63918.0","sz":"6.85471","n":8},{"px":"63919.0","sz":"4.45889","n":3},{"px":"63920.0","sz":"9.49226","n":3},{"px":"63921.0","sz":"1.53281","n":6},{"px":"63922.0","sz":"6.02452","n":7},{"px":"63923.0","sz":"1.89866","n":6},{"px":"63924.0","sz":"2.38748","n":4},{"px":"63925.0","sz":"5.51973","n":6}]]}}}
{"ts":1771978443454,"source":"hl_ws","message":{"channel":"trades","data":[{"coin":"BTC","side":"A","px":"63905.0","sz":"0.00418","time":1771978443279,"hash":"0x7c8e4657e391555f7e080435f284fe020203003d7e9474312056f1aaa2952f4a","tid":832663169471703,"users":["0x2df8f8d2468f23885609b868d3c6398a1b16f43d","0xde4fb09297fa3b6dbef5ef8eb73d706c63e20ead"]}]}}
{"ts":1771978443499,"source":"hl_ws","message":{"channel":"trades","data":[{"coin":"BTC","side":"B","px":"63906.0","sz":"0.00625","time":1771978443354,"hash":"0x8805c69fde90100b897f0435f284ff02036e008579932edd2bce71f29d93e9f6","tid":231538575746265,"users":["0x733c101642c32735ad6387218f50ea03dd77602d","0x33ad48ed92e3e91a98278f0f7456eae6eafa516e"]}]}}
{"ts":1771978443759,"source":"hl_ws","message":{"channel":"l2Book","data":{"coin":"BTC","time":1771978443554,"levels":[[{"px":"63905.0","sz":"5.46257","n":25},{"px":"63904.0","sz":"0.95357","n":3},{"px":"63903.0","sz":"0.31307","n":2},{"px":"63901.0","sz":"0.25629","n":2},{"px":"63900.0","sz":"0.75325","n":4},{"px":"63899.0","sz":"2.72953","n":5},{"px":"63898.0","sz":"0.03435","n":3},{"px":"63897.0","sz":"0.35325","n":5},{"px":"63896.0","sz":"0.0301","n":1},{"px":"63895.0","sz":"0.26597","n":4},{"px":"63894.0","sz":"2.2087","n":4},{"px":"63893.0","sz":"0.85987","n":7},{"px":"63892.0","sz":"1.53428","n":8},{"px":"63891.0","sz":"1.48192","n":6},{"px":"63890.0","sz":"6.66837","n":4},{"px":"63889.0","sz":"4.23992","n":6},{"px":"63887.0","sz":"0.85288","n":5},{"px":"63886.0","sz":"2.63726","n":6},{"px":"63885.0","sz":"4.54739","n":5},{"px":"63884.0","sz":"2.20597","n":4}],[{"px":"63906.0","sz":"0.21081","n":3},{"px":"63907.0","sz":"0.01897","n":4},{"px":"63908.0","sz":"0.75623","n":4},{"px":"63909.0","sz":"0.00017","n":1},{"px":"63910.0","sz":"0.08536","n":2},{"px":"63911.0","sz":"1.17525","n":3},{"px":"63912.0","sz":"0.03333","n":4},{"px":"63913.0","sz":"1.57796","n":5},{"px":"63914.0","sz":"0.00017","n":1},{"px":"63915.0","sz":"0.23486","n":2},{"px":"63916.0","sz":"13.23658","n":6},{"px":"63917.0","sz":"0.00033","n":2},{"px":"63918.0","sz":"6.85471","n":8},{"px":"63919.0","sz":"4.45889","n":3},{"px":"63920.0","sz":"9.49226","n":3},{"px":"63921.0","sz":"1.53281","n":6},{"px":"63922.0","sz":"6.02798","n":8},{"px":"63923.0","sz":"1.89866","n":6},{"px":"63924.0","sz":"2.38748","n":4},{"px":"63925.0","sz":"5.51973","n":6}]]}}}
{"ts":1771978443922,"source":"hl_ws","message":{"channel":"activeAssetCtx","data":{"coin":"BTC","ctx":{"funding":"-0.0000170259","openInterest":"25568.36214","prevDayPx":"64876.0","dayNtlVlm":"3211890104.6932377815","premium":"-0.0007036527","oraclePx":"63952.0","markPx":"63910.0","midPx":"63905.5","impactPxs":["63905.0","63907.0"],"dayBaseVlm":"50340.9532400001"}}}}
{"ts":1771978443922,"source":"hl_ws","message":{"channel":"trades","data":[{"coin":"BTC","side":"A","px":"63905.0","sz":"0.0004","time":1771978443743,"hash":"0xcb1fffe778f6bbcecc990435f2850502036600cd13f9daa06ee8ab3a37fa95b9","tid":129552629265173,"users":["0x2df8f8d2468f23885609b868d3c6398a1b16f43d","0x7d19bdb5fb07581eab2911f255213ab6054a0422"]}]}}
{"ts":1771978444371,"source":"hl_ws","message":{"channel":"l2Book","data":{"coin":"BTC","time":1771978444136,"levels":[[{"px":"63905.0","sz":"3.87689","n":22},{"px":"63904.0","sz":"2.12717","n":4},{"px":"63903.0","sz":"0.47441","n":3},{"px":"63902.0","sz":"0.03118","n":1},{"px":"63901.0","sz":"0.25629","n":2},{"px":"63900.0","sz":"0.75325","n":4},{"px":"63899.0","sz":"2.72953","n":5},{"px":"63898.0","sz":"0.03435","n":3},{"px":"63897.0","sz":"0.35325","n":5},{"px":"63896.0","sz":"0.0301","n":1},{"px":"63895.0","sz":"0.26597","n":4},{"px":"63894.0","sz":"0.33064","n":3},{"px":"63893.0","sz":"0.86019","n":8},{"px":"63892.0","sz":"2.23855","n":8},{"px":"63891.0","sz":"1.48192","n":6},{"px":"63890.0","sz":"2.91201","n":3},{"px":"63889.0","sz":"4.23992","n":6},{"px":"63888.0","sz":"3.75641","n":1},{"px":"63887.0","sz":"1.92519","n":6},{"px":"63886.0","sz":"2.62487","n":5}],[{"px":"63906.0","sz":"0.21081","n":3},{"px":"63907.0","sz":"0.01897","n":4},{"px":"63908.0","sz":"0.75623","n":4},{"px":"63909.0","sz":"0.00017","n":1},{"px":"63910.0","sz":"0.08536","n":2},{"px":"63911.0","sz":"0.00174","n":2},{"px":"63912.0","sz":"1.91087","n":5},{"px":"63913.0","sz":"1.57796","n":5},{"px":"63914.0","sz":"0.00017","n":1},{"px":"63915.0","sz":"12.001","n":7},{"px":"63916.0","sz":"11.35914","n":5},{"px":"63917.0","sz":"0.00033","n":2},{"px":"63918.0","sz":"4.42978","n":6},{"px":"63919.0","sz":"2.34684","n":2},{"px":"63920.0","sz":"9.49226","n":3},{"px":"63921.0","sz":"2.99943","n":7},{"px":"63922.0","sz":"0.23465","n":6},{"px":"63923.0","sz":"1.99254","n":7},{"px":"63924.0","sz":"2.38748","n":4},{"px":"63925.0","sz":"4.75709","n":6}]]}}}
{"ts":1771978444887,"source":"hl_ws","message":{"channel":"l2Book","data":{"coin":"BTC","time":1771978444709,"levels":[[{"px":"63905.0","sz":"4.09089","n":23},{"px":"63904.0","sz":"2.12718","n":4},{"px":"63903.0","sz":"0.47441","n":3},{"px":"63902.0","sz":"0.06553","n":2},{"px":"63901.0","sz":"0.25629","n":2},{"px":"63900.0","sz":"0.75325","n":4},{"px":"63899.0","sz":"2.72953","n":5},{"px":"63898.0","sz":"0.03435","n":3},{"px":"63897.0","sz":"0.10746","n":4},{"px":"63896.0","sz":"0.0301","n":1},{"px":"63895.0","sz":"0.26597","n":4},{"px":"63894.0","sz":"0.47759","n":4},{"px":"63893.0","sz":"0.86019","n":8},{"px":"63892.0","sz":"3.41239","n":9},{"px":"63891.0","sz":"1.48192","n":6},{"px":"63890.0","sz":"1.73813","n":2},{"px":"63889.0","sz":"4.23992","n":6},{"px":"63888.0","sz":"3.75641","n":1},{"px":"63887.0","sz":"1.92519","n":6},{"px":"63886.0","sz":"2.62487","n":5}],[{"px":"63906.0","sz":"0.21081","n":3},{"px":"63907.0","sz":"0.01897","n":4},{"px":"63908.0","sz":"0.75623","n":4},{"px":"63909.0","sz":"1.17372","n":2},{"px":"63910.0","sz":"0.08536","n":2},{"px":"63911.0","sz":"0.00174","n":2},{"px":"63912.0","sz":"1.91087","n":5},{"px":"63913.0","sz":"1.57796","n":5},{"px":"63914.0","sz":"1.39028","n":2},{"px":"63915.0","sz":"13.25264","n":8},{"px":"63916.0","sz":"11.35914","n":5},{"px":"63917.0","sz":"0.00033","n":2},{"px":"63918.0","sz":"4.42978","n":6},{"px":"63919.0","sz":"2.34684","n":2},{"px":"63920.0","sz":"9.49226","n":3},{"px":"63921.0","sz":"1.75235","n":6},{"px":"63922.0","sz":"0.23465","n":6},{"px":"63923.0","sz":"1.99254","n":7},{"px":"63924.0","sz":"5.83422","n":5},{"px":"63925.0","sz":"6.16274","n":7}]]}}}
{"ts":1771978444888,"source":"hl_ws","message":{"channel":"activeAssetCtx","data":{"coin":"BTC","ctx":{"funding":"-0.0000170259","openInterest":"25568.36294","prevDayPx":"64876.0","dayNtlVlm":"3211890130.2992377281","premium":"-0.0007036527","oraclePx":"63952.0","markPx":"63910.0","midPx":"63905.5","impactPxs":["63905.0","63907.0"],"dayBaseVlm":"50340.9536400001"}}}}
{"ts":1771978445201,"source":"hl_ws","message":{"channel":"trades","data":[{"coin":"BTC","side":"A","px":"63905.0","sz":"0.00076","time":1771978445033,"hash":"0x0000000000000000000000000000000000000000000000000000000000000000","tid":901805419594809,"users":["0x2df8f8d2468f23885609b868d3c6398a1b16f43d","0xd8592afc09c864df215d8012122aed08e4ae453f"]}]}}
{"ts":1771978445416,"source":"hl_ws","message":{"channel":"l2Book","data":{"coin":"BTC","time":1771978445228,"levels":[[{"px":"63905.0","sz":"4.09013","n":23},{"px":"63904.0","sz":"2.12718","n":4},{"px":"63903.0","sz":"0.47441","n":3},{"px":"63902.0","sz":"0.06553","n":2},{"px":"63901.0","sz":"0.25629","n":2},{"px":"63900.0","sz":"0.33357","n":3},{"px":"63899.0","sz":"1.26241","n":4},{"px":"63898.0","sz":"0.03435","n":3},{"px":"63897.0","sz":"0.32826","n":5},{"px":"63896.0","sz":"1.49725","n":2},{"px":"63895.0","sz":"0.26597","n":4},{"px":"63894.0","sz":"0.47759","n":4},{"px":"63893.0","sz":"0.86019","n":8},{"px":"63892.0","sz":"3.41239","n":9},{"px":"63891.0","sz":"1.48192","n":6},{"px":"63890.0","sz":"1.73813","n":2},{"px":"63889.0","sz":"4.23992","n":6},{"px":"63888.0","sz":"3.75641","n":1},{"px":"63887.0","sz":"0.85288","n":5},{"px":"63886.0","sz":"2.62487","n":5}],[{"px":"63906.0","sz":"0.21081","n":3},{"px":"63907.0","sz":"0.01897","n":4},{"px":"63908.0","sz":"0.75623","n":4},{"px":"63909.0","sz":"1.17388","n":3},{"px":"63910.0","sz":"0.08536","n":2},{"px":"63911.0","sz":"0.00174","n":2},{"px":"63912.0","sz":"1.91087","n":5},{"px":"63913.0","sz":"2.9861","n":7},{"px":"63914.0","sz":"1.39028","n":2},{"px":"63915.0","sz":"11.84453","n":6},{"px":"63916.0","sz":"11.35914","n":5},{"px":"63917.0","sz":"0.00033","n":2},{"px":"63918.0","sz":"4.42978","n":6},{"px":"63919.0","sz":"2.34684","n":2},{"px":"63920.0","sz":"13.24688","n":4},{"px":"63921.0","sz":"1.75235","n":6},{"px":"63922.0","sz":"0.23465","n":6},{"px":"63923.0","sz":"1.99254","n":7},{"px":"63924.0","sz":"5.83422","n":5},{"px":"63925.0","sz":"2.40837","n":6}]]}}}
{"ts":1771978445974,"source":"hl_ws","message":{"channel":"l2Book","data":{"coin":"BTC","time":1771978445769,"levels":[[{"px":"63905.0","sz":"4.09013","n":23},{"px":"63904.0","sz":"2.12718","n":4},{"px":"63903.0","sz":"0.47441","n":3},{"px":"63902.0","sz":"0.06553","n":2},{"px":"63901.0","sz":"0.25629","n":2},{"px":"63900.0","sz":"0.46005","n":4},{"px":"63899.0","sz":"1.26241","n":4},{"px":"63898.0","sz":"0.03435","n":3},{"px":"63897.0","sz":"0.32826","n":5},{"px":"63896.0","sz":"1.49725","n":2},{"px":"63895.0","sz":"0.26597","n":4},{"px":"63894.0","sz":"0.47759","n":4},{"px":"63893.0","sz":"0.86019","n":8},{"px":"63892.0","sz":"3.41239","n":9},{"px":"63891.0","sz":"1.48192","n":6},{"px":"63890.0","sz":"1.73813","n":2},{"px":"63889.0","sz":"4.23992","n":6},{"px":"63888.0","sz":"3.91292","n":2},{"px":"63887.0","sz":"0.69637","n":4},{"px":"63886.0","sz":"2.62487","n":5}],[{"px":"63906.0","sz":"0.21081","n":3},{"px":"63907.0","sz":"0.01897","n":4},{"px":"63908.0","sz":"0.75623","n":4},{"px":"63909.0","sz":"1.17388","n":3},{"px":"63910.0","sz":"0.08536","n":2},{"px":"63911.0","sz":"0.00174","n":2},{"px":"63912.0","sz":"1.91071","n":4},{"px":"63913.0","sz":"1.81265","n":6},{"px":"63914.0","sz":"2.56371","n":3},{"px":"63915.0","sz":"11.84454","n":6},{"px":"63916.0","sz":"11.35914","n":5},{"px":"63917.0","sz":"0.00033","n":2},{"px":"63918.0","sz":"4.42978","n":6},{"px":"63919.0","sz":"2.34684","n":2},{"px":"63920.0","sz":"13.24688","n":4},{"px":"63921.0","sz":"1.78218","n":7},{"px":"63922.0","sz":"0.23465","n":6},{"px":"63923.0","sz":"1.89866","n":6},{"px":"63924.0","sz":"5.83422","n":5},{"px":"63925.0","sz":"2.40837","n":6}]]}}}
{"ts":1771978445974,"source":"hl_ws","message":{"channel":"activeAssetCtx","data":{"coin":"BTC","ctx":{"funding":"-0.000017064","openInterest":"25568.36446","prevDayPx":"64876.0","dayNtlVlm":"3211890178.9506378174","premium":"-0.0006880268","oraclePx":"63951.0","markPx":"63909.0","midPx":"63905.5","impactPxs":["63905.0","63907.0"],"dayBaseVlm":"50340.9544000001"}}}}
{"ts":1771978446121,"source":"hl_ws","message":{"channel":"trades","data":[{"coin":"BTC","side":"A","px":"63905.0","sz":"0.0091","time":1771978445967,"hash":"0x3a6927e9647085773be20435f2852502023e00ceff73a449de31d33c23745f61","tid":617082004487481,"users":["0x2df8f8d2468f23885609b868d3c6398a1b16f43d","0x3f741b8095fba07a2f1d703fb464c8f7de2560ca"]}]}}
{"ts":1771978446122,"source":"hl_ws","message":{"channel":"trades","data":[{"coin":"BTC","side":"A","px":"63905.0","sz":"0.00128","time":1771978446024,"hash":"0x0000000000000000000000000000000000000000000000000000000000000000","tid":846935154677458,"users":["0x2df8f8d2468f23885609b868d3c6398a1b16f43d","0xcb921a7687f8ae0534da8202f583a37f32d9cac5"]},{"coin":"BTC","side":"B","px":"63906.0","sz":"0.0007","time":1771978446024,"hash":"0x0000000000000000000000000000000000000000000000000000000000000000","tid":1062283319790699,"users":["0x66d8de22b53a6ae35bf9b9df66e61fae1e11e633","0x33ad48ed92e3e91a98278f0f7456eae6eafa516e"]}]}}
{"ts":1771978446486,"source":"hl_ws","message":{"channel":"trades","data":[{"coin":"BTC","side":"B","px":"63906.0","sz":"0.00117","time":1771978446289,"hash":"0x1640e225b0676e1517ba0435f2852a02017c000b4b6a8ce7ba098d786f6b47ff","tid":876057761097581,"users":["0x89a289b2e7436ddb73d00812f9d904d761243ab6","0x33ad48ed92e3e91a98278f0f7456eae6eafa516e"]}]}}
{"ts":1771978446486,"source":"hl_ws","message":{"channel":"l2Book","data":{"coin":"BTC","time":1771978446289,"levels":[[{"px":"63905.0","sz":"4.06411","n":22},{"px":"63904.0","sz":"0.95357","n":3},{"px":"63903.0","sz":"0.47441","n":3},{"px":"63902.0","sz":"1.23914","n":3},{"px":"63901.0","sz":"0.25629","n":2},{"px":"63900.0","sz":"0.46005","n":4},{"px":"63899.0","sz":"1.26241","n":4},{"px":"63898.0","sz":"0.03435","n":3},{"px":"63897.0","sz":"0.32826","n":5},{"px":"63896.0","sz":"1.49725","n":2},{"px":"63895.0","sz":"0.26597","n":4},{"px":"63894.0","sz":"0.47759","n":4},{"px":"63893.0","sz":"0.86019","n":8},{"px":"63892.0","sz":"1.53429","n":8},{"px":"63891.0","sz":"1.48192","n":6},{"px":"63890.0","sz":"3.6163","n":3},{"px":"63889.0","sz":"4.23992","n":6},{"px":"63888.0","sz":"0.15651","n":1},{"px":"63887.0","sz":"0.69637","n":4},{"px":"63886.0","sz":"6.38144","n":6}],[{"px":"63906.0","sz":"0.2298","n":4},{"px":"63907.0","sz":"0.01897","n":4},{"px":"63908.0","sz":"0.75623","n":4},{"px":"63909.0","sz":"1.17388","n":3},{"px":"63910.0","sz":"0.08536","n":2},{"px":"63911.0","sz":"1.87937","n":3},{"px":"63912.0","sz":"1.20664","n":4},{"px":"63913.0","sz":"2.51672","n":7},{"px":"63914.0","sz":"1.39028","n":2},{"px":"63915.0","sz":"11.1405","n":5},{"px":"63916.0","sz":"11.35914","n":5},{"px":"63917.0","sz":"2.34715","n":3},{"px":"63918.0","sz":"4.42978","n":6},{"px":"63919.0","sz":"0.00017","n":1},{"px":"63920.0","sz":"13.24688","n":4},{"px":"63921.0","sz":"1.81543","n":8},{"px":"63922.0","sz":"0.23465","n":6},{"px":"63923.0","sz":"1.89866","n":6},{"px":"63924.0","sz":"8.18072","n":6},{"px":"63925.0","sz":"2.40837","n":6}]]}}}
{"ts":1771978446998,"source":"hl_ws","message":{"channel":"l2Book","data":{"coin":"BTC","time":1771978446825,"levels":[[{"px":"63905.0","sz":"3.74612","n":18},{"px":"63904.0","sz":"0.95357","n":3},{"px":"63903.0","sz":"0.40114","n":2},{"px":"63901.0","sz":"0.22531","n":1},{"px":"63900.0","sz":"0.19443","n":2},{"px":"63899.0","sz":"1.19861","n":2},{"px":"63898.0","sz":"1.20807","n":4},{"px":"63897.0","sz":"0.32826","n":5},{"px":"63896.0","sz":"0.0301","n":1},{"px":"63895.0","sz":"0.50072","n":5},{"px":"63894.0","sz":"0.14177","n":3},{"px":"63893.0","sz":"0.09711","n":6},{"px":"63892.0","sz":"1.51048","n":6},{"px":"63891.0","sz":"0.51208","n":5},{"px":"63890.0","sz":"1.73813","n":2},{"px":"63889.0","sz":"1.96708","n":6},{"px":"63887.0","sz":"0.69637","n":4},{"px":"63886.0","sz":"1.454","n":5},{"px":"63885.0","sz":"0.79074","n":4},{"px":"63884.0","sz":"4.08431","n":5}],[{"px":"63906.0","sz":"3.89315","n":17},{"px":"63907.0","sz":"2.38175","n":7},{"px":"63908.0","sz":"5.21575","n":6},{"px":"63909.0","sz":"0.23503","n":3},{"px":"63910.0","sz":"0.78773","n":4},{"px":"63911.0","sz":"0.00174","n":2},{"px":"63912.0","sz":"6.40923","n":7},{"px":"63913.0","sz":"5.333","n":6},{"px":"63914.0","sz":"0.00017","n":1},{"px":"63915.0","sz":"6.13395","n":3},{"px":"63916.0","sz":"11.35914","n":5},{"px":"63917.0","sz":"0.79811","n":4},{"px":"63918.0","sz":"4.42978","n":6},{"px":"63919.0","sz":"0.00017","n":1},{"px":"63920.0","sz":"12.07359","n":5},{"px":"63921.0","sz":"3.006","n":9},{"px":"63922.0","sz":"0.23465","n":6},{"px":"63923.0","sz":"1.89866","n":6},{"px":"63924.0","sz":"8.76734","n":6},{"px":"63925.0","sz":"1.4698","n":4}]]}}}
{"ts":1771978446998,"source":"hl_ws","message":{"channel":"activeAssetCtx","data":{"coin":"BTC","ctx":{"funding":"-0.000017064","openInterest":"25568.38522","prevDayPx":"64876.0","dayNtlVlm":"3211890963.13438797","premium":"-0.0006880268","oraclePx":"63951.0","markPx":"63909.0","midPx":"63905.5","impactPxs":["63905.0","63907.0"],"dayBaseVlm":"50340.9666500001"}}}}
{"ts":1771978447195,"source":"hl_ws","message":{"channel":"trades","data":[{"coin":"BTC","side":"A","px":"63905.0","sz":"0.00019","time":1771978447042,"hash":"0x0000000000000000000000000000000000000000000000000000000000000000","tid":489675539684046,"users":["0x2df8f8d2468f23885609b868d3c6398a1b16f43d","0xf215c807672f168f6894bb2f5154000de11b4d85"]}]}}
{"ts":1771978447555,"source":"hl_ws","message":{"channel":"l2Book","data":{"coin":"BTC","time":1771978447349,"levels":[[{"px":"63905.0","sz":"3.85206","n":23},{"px":"63904.0","sz":"0.95357","n":3},{"px":"63903.0","sz":"0.40114","n":2},{"px":"63901.0","sz":"0.22531","n":1},{"px":"63900.0","sz":"0.19443","n":2},{"px":"63899.0","sz":"1.16828","n":1},{"px":"63898.0","sz":"0.03435","n":3},{"px":"63897.0","sz":"0.10746","n":4},{"px":"63896.0","sz":"1.27853","n":3},{"px":"63895.0","sz":"0.50072","n":5},{"px":"63894.0","sz":"0.288","n":4},{"px":"63893.0","sz":"0.09711","n":6},{"px":"63892.0","sz":"1.51048","n":6},{"px":"63891.0","sz":"0.51208","n":5},{"px":"63890.0","sz":"1.73813","n":2},{"px":"63889.0","sz":"1.96708","n":6},{"px":"63887.0","sz":"0.69637","n":4},{"px":"63886.0","sz":"3.33228","n":6},{"px":"63885.0","sz":"0.94726","n":5},{"px":"63884.0","sz":"2.20597","n":4}],[{"px":"63906.0","sz":"3.00177","n":16},{"px":"63907.0","sz":"1.20819","n":6},{"px":"63908.0","sz":"0.75623","n":4},{"px":"63909.0","sz":"0.23503","n":3},{"px":"63910.0","sz":"0.78773","n":4},{"px":"63911.0","sz":"5.63457","n":5},{"px":"63912.0","sz":"2.59529","n":5},{"px":"63913.0","sz":"1.57796","n":5},{"px":"63914.0","sz":"2.34707","n":2},{"px":"63915.0","sz":"6.13395","n":3},{"px":"63916.0","sz":"11.35914","n":5},{"px":"63917.0","sz":"5.22193","n":4},{"px":"63918.0","sz":"4.42978","n":6},{"px":"63919.0","sz":"0.70418","n":2},{"px":"63920.0","sz":"12.07359","n":5},{"px":"63921.0","sz":"3.006","n":9},{"px":"63922.0","sz":"0.23465","n":6},{"px":"63923.0","sz":"1.89866","n":6},{"px":"63924.0","sz":"5.83422","n":5},{"px":"63925.0","sz":"1.4698","n":4}]]}}}
{"ts":1771978447990,"source":"hl_ws","message":{"channel":"trades","data":[{"coin":"BTC","side":"B","px":"63906.0","sz":"0.00019","time":1771978447584,"hash":"0xb654e8b0e0cf35f9b7ce0435f2853d0202d300967bc254cb5a1d94039fc30fe4","tid":653684611530519,"users":["0x7facb186148772978d977d409217074b262b84ec","0x33ad48ed92e3e91a98278f0f7456eae6eafa516e"]}]}}
{"ts":1771978447990,"source":"hl_ws","message":{"channel":"activeAssetCtx","data":{"coin":"BTC","ctx":{"funding":"-0.000017064","openInterest":"25568.38522","prevDayPx":"64876.0","dayNtlVlm":"3211890987.4600877762","premium":"-0.0007036637","oraclePx":"63951.0","markPx":"63909.0","midPx":"63905.5","impactPxs":["63905.0","63906.0"],"dayBaseVlm":"50340.9670300001"}}}}
{"ts":1771978448394,"source":"hl_ws","message":{"channel":"l2Book","data":{"coin":"BTC","time":1771978447894,"levels":[[{"px":"63905.0","sz":"3.74593","n":18},{"px":"63904.0","sz":"0.95357","n":3},{"px":"63903.0","sz":"0.40114","n":2},{"px":"63901.0","sz":"0.22531","n":1},{"px":"63900.0","sz":"0.19443","n":2},{"px":"63899.0","sz":"1.16828","n":1},{"px":"63898.0","sz":"0.03435","n":3},{"px":"63897.0","sz":"0.06418","n":3},{"px":"63896.0","sz":"1.27852","n":3},{"px":"63895.0","sz":"0.50072","n":5},{"px":"63894.0","sz":"0.288","n":4},{"px":"63893.0","sz":"0.09711","n":6},{"px":"63892.0","sz":"1.51048","n":6},{"px":"63891.0","sz":"0.51208","n":5},{"px":"63890.0","sz":"1.73813","n":2},{"px":"63889.0","sz":"1.96708","n":6},{"px":"63887.0","sz":"0.69637","n":4},{"px":"63886.0","sz":"3.33228","n":6},{"px":"63885.0","sz":"2.37582","n":6},{"px":"63884.0","sz":"2.20597","n":4}],[{"px":"63906.0","sz":"2.84655","n":13},{"px":"63907.0","sz":"1.20819","n":6},{"px":"63908.0","sz":"0.75623","n":4},{"px":"63909.0","sz":"2.11266","n":5},{"px":"63910.0","sz":"0.78773","n":4},{"px":"63911.0","sz":"3.75538","n":2},{"px":"63912.0","sz":"1.3436","n":4},{"px":"63913.0","sz":"1.57796","n":5},{"px":"63914.0","sz":"3.59876","n":3},{"px":"63915.0","sz":"6.13395","n":3},{"px":"63916.0","sz":"11.35914","n":5},{"px":"63917.0","sz":"5.22193","n":4},{"px":"63918.0","sz":"4.42978","n":6},{"px":"63919.0","sz":"0.70418","n":2},{"px":"63920.0","sz":"12.1673","n":6},{"px":"63921.0","sz":"3.006","n":9},{"px":"63922.0","sz":"0.23465","n":6},{"px":"63923.0","sz":"1.89866","n":6},{"px":"63924.0","sz":"5.83422","n":5},{"px":"63925.0","sz":"1.4698","n":4}]]}}}
{"ts":1771978448394,"source":"hl_ws","message":{"channel":"trades","data":[{"coin":"BTC","side":"A","px":"63905.0","sz":"0.00053","time":1771978448046,"hash":"0x0000000000000000000000000000000000000000000000000000000000000000","tid":1121201459350784,"users":["0x2df8f8d2468f23885609b868d3c6398a1b16f43d","0xd8592afc09c864df215d8012122aed08e4ae453f"]},{"coin":"BTC","side":"A","px":"63905.0","sz":"0.00019","time":1771978448046,"hash":"0x0000000000000000000000000000000000000000000000000000000000000000","tid":1106819912129207,"users":["0x2df8f8d2468f23885609b868d3c6398a1b16f43d","0xe6fcc492fb5ea091bdbe2e1a9f163e5039f144bc"]},{"coin":"BTC","side":"A","px":"63905.0","sz":"0.00116","time":1771978448046,"hash":"0x8ff35caa7c749b35916d0435f2854401e30074901777ba0733bc07fd3b787520","tid":131394174174201,"users":["0x2df8f8d2468f23885609b868d3c6398a1b16f43d","0x89a289b2e7436ddb73d00812f9d904d761243ab6"]}]}}
{"ts":1771978448394,"source":"hl_ws","message":{"channel":"trades","data":[{"coin":"BTC","side":"B","px":"63906.0","sz":"0.00019","time":1771978448164,"hash":"0x88f78f7c3ee2495c8a710435f285460201180061d9e5682e2cc03acefde62347","tid":949898233392793,"users":["0xa8ff05a7bffa65d334a333348062fdcfd4ed5391","0x33ad48ed92e3e91a98278f0f7456eae6eafa516e"]}]}}
{"ts":1771978448684,"source":"hl_ws","message":{"channel":"l2Book","data":{"coin":"BTC","time":1771978448450,"levels":[[{"px":"63905.0","sz":"4.05592","n":24},{"px":"63904.0","sz":"0.95357","n":3},{"px":"63903.0","sz":"0.40114","n":2},{"px":"63901.0","sz":"0.22531","n":1},{"px":"63900.0","sz":"0.19443","n":2},{"px":"63899.0","sz":"1.16828","n":1},{"px":"63898.0","sz":"0.03435","n":3},{"px":"63897.0","sz":"0.06418","n":3},{"px":"63896.0","sz":"1.27852","n":3},{"px":"63895.0","sz":"0.50072","n":5},{"px":"63894.0","sz":"0.288","n":4},{"px":"63893.0","sz":"0.09711","n":6},{"px":"63892.0","sz":"1.51048","n":6},{"px":"63891.0","sz":"0.51208","n":5},{"px":"63890.0","sz":"1.73813","n":2},{"px":"63889.0","sz":"1.96708","n":6},{"px":"63887.0","sz":"0.69637","n":4},{"px":"63886.0","sz":"3.33228","n":6},{"px":"63885.0","sz":"2.37582","n":6},{"px":"63884.0","sz":"2.20597","n":4}],[{"px":"63906.0","sz":"2.84636","n":13},{"px":"63907.0","sz":"1.20819","n":6},{"px":"63908.0","sz":"0.75623","n":4},{"px":"63909.0","sz":"2.11423","n":6},{"px":"63910.0","sz":"0.78773","n":4},{"px":"63911.0","sz":"3.75538","n":2},{"px":"63912.0","sz":"2.5953","n":5},{"px":"63913.0","sz":"1.57796","n":5},{"px":"63914.0","sz":"2.34707","n":2},{"px":"63915.0","sz":"6.13395","n":3},{"px":"63916.0","sz":"11.35914","n":5},{"px":"63917.0","sz":"5.31559","n":5},{"px":"63918.0","sz":"4.42978","n":6},{"px":"63919.0","sz":"0.70418","n":2},{"px":"63920.0","sz":"12.1673","n":6},{"px":"63921.0","sz":"3.006","n":9},{"px":"63922.0","sz":"0.23465","n":6},{"px":"63923.0","sz":"1.89866","n":6},{"px":"63924.0","sz":"5.83422","n":5},{"px":"63925.0","sz":"1.4698","n":4}]]}}}
{"ts":1771978448808,"source":"hl_ws","message":{"channel":"trades","data":[{"coin":"BTC","side":"A","px":"63905.0","sz":"0.00017","time":1771978448552,"hash":"0x8db2cad4c5aea9818f2c0435f2854a02015000ba60a1c853317b762784a2836c","tid":614990785829797,"users":["0x2df8f8d2468f23885609b868d3c6398a1b16f43d","0xe3128b26738311d13c2bc9e3f0de44b9dd512a4d"]}]}}
{"ts":1771978449031,"source":"hl_ws","message":{"channel":"activeAssetCtx","data":{"coin":"BTC","ctx":{"funding":"-0.000017064","openInterest":"25568.387","prevDayPx":"64876.0","dayNtlVlm":"3211891130.8536872864","premium":"-0.0007036637","oraclePx":"63951.0","markPx":"63909.0","midPx":"63905.5","impactPxs":["63905.0","63906.0"],"dayBaseVlm":"50340.9692700001"}}}}
{"ts":1771978449115,"source":"hl_ws","message":{"channel":"l2Book","data":{"coin":"BTC","time":1771978448972,"levels":[[{"px":"63905.0","sz":"3.801","n":19},{"px":"63904.0","sz":"0.95357","n":3},{"px":"63903.0","sz":"0.40143","n":3},{"px":"63901.0","sz":"0.22531","n":1},{"px":"63898.0","sz":"0.03435","n":3},{"px":"63897.0","sz":"0.06418","n":3},{"px":"63896.0","sz":"1.27852","n":3},{"px":"63895.0","sz":"0.50072","n":5},{"px":"63894.0","sz":"0.288","n":4},{"px":"63893.0","sz":"0.09711","n":6},{"px":"63892.0","sz":"1.51048","n":6},{"px":"63891.0","sz":"0.51208","n":5},{"px":"63890.0","sz":"1.73813","n":2},{"px":"63889.0","sz":"1.96708","n":6},{"px":"63887.0","sz":"1.33509","n":5},{"px":"63886.0","sz":"3.33228","n":6},{"px":"63885.0","sz":"2.37582","n":6},{"px":"63884.0","sz":"2.20597","n":4},{"px":"63883.0","sz":"3.56424","n":4},{"px":"63882.0","sz":"3.80151","n":3}],[{"px":"63906.0","sz":"2.84636","n":13},{"px":"63907.0","sz":"1.20819","n":6},{"px":"63908.0","sz":"0.75623","n":4},{"px":"63909.0","sz":"2.11423","n":6},{"px":"63910.0","sz":"0.78773","n":4},{"px":"63911.0","sz":"3.75538","n":2},{"px":"63912.0","sz":"2.5953","n":5},{"px":"63913.0","sz":"1.78639","n":6},{"px":"63914.0","sz":"3.53139","n":3},{"px":"63915.0","sz":"6.13395","n":3},{"px":"63916.0","sz":"11.14979","n":4},{"px":"63917.0","sz":"5.31559","n":5},{"px":"63918.0","sz":"3.26185","n":5},{"px":"63919.0","sz":"0.70418","n":2},{"px":"63920.0","sz":"12.07359","n":5},{"px":"63921.0","sz":"3.006","n":9},{"px":"63922.0","sz":"0.23465","n":6},{"px":"63923.0","sz":"1.89884","n":7},{"px":"63924.0","sz":"5.83422","n":5},{"px":"63925.0","sz":"1.4698","n":4}]]}}}
{"ts":1771978449708,"source":"hl_ws","message":{"channel":"trades","data":[{"coin":"BTC","side":"B","px":"63906.0","sz":"0.00117","time":1771978449550,"hash":"0x7da28af0c26d3ee17f1c0435f285560201c000d65d605db3216b3643816118cc","tid":376257161745426,"users":["0x89a289b2e7436ddb73d00812f9d904d761243ab6","0x33ad48ed92e3e91a98278f0f7456eae6eafa516e"]}]}}
{"ts":1771978449708,"source":"hl_ws","message":{"channel":"l2Book","data":{"coin":"BTC","time":1771978449550,"levels":[[{"px":"63905.0","sz":"3.80101","n":19},{"px":"63904.0","sz":"0.95357","n":3},{"px":"63903.0","sz":"0.40143","n":3},{"px":"63901.0","sz":"0.22531","n":1},{"px":"63899.0","sz":"0.06414","n":2},{"px":"63898.0","sz":"0.03435","n":3},{"px":"63897.0","sz":"0.06418","n":3},{"px":"63896.0","sz":"1.27852","n":3},{"px":"63895.0","sz":"0.50072","n":5},{"px":"63894.0","sz":"0.288","n":4},{"px":"63893.0","sz":"0.09711","n":6},{"px":"63892.0","sz":"1.51048","n":6},{"px":"63891.0","sz":"0.51208","n":5},{"px":"63890.0","sz":"1.73813","n":2},{"px":"63889.0","sz":"0.79318","n":5},{"px":"63887.0","sz":"1.33196","n":4},{"px":"63886.0","sz":"3.33228","n":6},{"px":"63885.0","sz":"2.37582","n":6},{"px":"63884.0","sz":"2.20597","n":4},{"px":"63883.0","sz":"3.56424","n":4}],[{"px":"63906.0","sz":"2.84519","n":13},{"px":"63907.0","sz":"1.20819","n":6},{"px":"63908.0","sz":"0.75623","n":4},{"px":"63909.0","sz":"2.11423","n":6},{"px":"63910.0","sz":"0.78773","n":4},{"px":"63911.0","sz":"3.75538","n":2},{"px":"63912.0","sz":"2.5953","n":5},{"px":"63913.0","sz":"1.78639","n":6},{"px":"63914.0","sz":"3.53139","n":3},{"px":"63915.0","sz":"6.13395","n":3},{"px":"63916.0","sz":"11.14979","n":4},{"px":"63917.0","sz":"5.31559","n":5},{"px":"63918.0","sz":"3.26185","n":5},{"px":"63919.0","sz":"0.70418","n":2},{"px":"63920.0","sz":"12.07359","n":5},{"px":"63921.0","sz":"3.006","n":9},{"px":"63922.0","sz":"0.23465","n":6},{"px":"63923.0","sz":"1.89884","n":7},{"px":"63924.0","sz":"5.83422","n":5},{"px":"63925.0","sz":"1.4698","n":4}]]}}}
{"ts":1771978450070,"source":"hl_ws","message":{"channel":"activeAssetCtx","data":{"coin":"BTC","ctx":{"funding":"-0.000017064","openInterest":"25568.387","prevDayPx":"64876.0","dayNtlVlm":"3211891205.7512373924","premium":"-0.0007036637","oraclePx":"63951.0","markPx":"63909.0","midPx":"63905.5","impactPxs":["63905.0","63906.0"],"dayBaseVlm":"50340.9704400001"}}}}
{"ts":1771978450429,"source":"hl_ws","message":{"channel":"l2Book","data":{"coin":"BTC","time":1771978450138,"levels":[[{"px":"63905.0","sz":"3.80101","n":19},{"px":"63904.0","sz":"0.95357","n":3},{"px":"63903.0","sz":"0.40143","n":3},{"px":"63901.0","sz":"0.22531","n":1},{"px":"63899.0","sz":"0.06414","n":2},{"px":"63898.0","sz":"0.03435","n":3},{"px":"63897.0","sz":"0.06418","n":3},{"px":"63896.0","sz":"1.27852","n":3},{"px":"63895.0","sz":"0.50072","n":5},{"px":"63894.0","sz":"0.04323","n":2},{"px":"63893.0","sz":"0.09711","n":6},{"px":"63892.0","sz":"1.51048","n":6},{"px":"63891.0","sz":"1.68594","n":6},{"px":"63890.0","sz":"1.73813","n":2},{"px":"63889.0","sz":"0.79318","n":5},{"px":"63887.0","sz":"1.33196","n":4},{"px":"63886.0","sz":"3.33228","n":6},{"px":"63885.0","sz":"2.37582","n":6},{"px":"63884.0","sz":"2.20597","n":4},{"px":"63883.0","sz":"3.56424","n":4}],[{"px":"63906.0","sz":"2.61049","n":11},{"px":"63907.0","sz":"1.44289","n":8},{"px":"63908.0","sz":"0.75623","n":4},{"px":"63909.0","sz":"2.11423","n":6},{"px":"63910.0","sz":"0.78773","n":4},{"px":"63911.0","sz":"6.10235","n":3},{"px":"63912.0","sz":"2.5953","n":5},{"px":"63913.0","sz":"3.2532","n":7},{"px":"63914.0","sz":"1.18449","n":2},{"px":"63915.0","sz":"6.13395","n":3},{"px":"63916.0","sz":"11.14979","n":4},{"px":"63917.0","sz":"3.84883","n":4},{"px":"63918.0","sz":"3.26157","n":4},{"px":"63919.0","sz":"0.70436","n":3},{"px":"63920.0","sz":"12.07359","n":5},{"px":"63921.0","sz":"3.006","n":9},{"px":"63922.0","sz":"0.23465","n":6},{"px":"63923.0","sz":"1.89884","n":7},{"px":"63924.0","sz":"5.83422","n":5},{"px":"63925.0","sz":"1.47073","n":5}]]}}}
{"ts":1771978450544,"source":"hl_ws","message":{"channel":"trades","data":[{"coin":"BTC","side":"A","px":"63905.0","sz":"0.00082","time":1771978450220,"hash":"0x83b2a616640de9b7852c0435f2855e0202c200fbff010889277b51692301c3a2","tid":193220683219012,"users":["0x2df8f8d2468f23885609b868d3c6398a1b16f43d","0x07ce5d197b8e28ccefeaf2d6c7070b79f039291d"]}]}}
{"ts":1771978450891,"source":"hl_ws","message":{"channel":"l2Book","data":{"coin":"BTC","time":1771978450667,"levels":[[{"px":"63905.0","sz":"3.67283","n":19},{"px":"63904.0","sz":"0.95357","n":3},{"px":"63903.0","sz":"0.40143","n":3},{"px":"63901.0","sz":"0.22531","n":1},{"px":"63899.0","sz":"0.06414","n":2},{"px":"63898.0","sz":"0.03435","n":3},{"px":"63897.0","sz":"0.06418","n":3},{"px":"63896.0","sz":"1.27852","n":3},{"px":"63895.0","sz":"0.50072","n":5},{"px":"63894.0","sz":"0.43568","n":3},{"px":"63893.0","sz":"0.09711","n":6},{"px":"63892.0","sz":"1.51048","n":6},{"px":"63891.0","sz":"1.68594","n":6},{"px":"63890.0","sz":"1.73813","n":2},{"px":"63889.0","sz":"0.79318","n":5},{"px":"63887.0","sz":"1.33196","n":4},{"px":"63886.0","sz":"3.33228","n":6},{"px":"63885.0","sz":"2.37582","n":6},{"px":"63884.0","sz":"2.25973","n":5},{"px":"63883.0","sz":"3.56424","n":4}],[{"px":"63906.0","sz":"2.84519","n":13},{"px":"63907.0","sz":"1.20819","n":6},{"px":"63908.0","sz":"0.75623","n":4},{"px":"63909.0","sz":"2.11426","n":6},{"px":"63910.0","sz":"1.09811","n":3},{"px":"63911.0","sz":"6.10235","n":3},{"px":"63912.0","sz":"2.5953","n":5},{"px":"63913.0","sz":"3.2532","n":7},{"px":"63914.0","sz":"1.18449","n":2},{"px":"63915.0","sz":"6.13395","n":3},{"px":"63916.0","sz":"11.14979","n":4},{"px":"63917.0","sz":"3.84883","n":4},{"px":"63918.0","sz":"3.26157","n":4},{"px":"63919.0","sz":"0.70436","n":3},{"px":"63920.0","sz":"12.07359","n":5},{"px":"63921.0","sz":"3.006","n":9},{"px":"63922.0","sz":"0.23465","n":6},{"px":"63923.0","sz":"1.89884","n":7},{"px":"63924.0","sz":"5.83422","n":5},{"px":"63925.0","sz":"1.47103","n":6}]]}}}
{"ts":1771978451037,"source":"hl_ws","message":{"channel":"activeAssetCtx","data":{"coin":"BTC","ctx":{"funding":"-0.0000171131","openInterest":"25568.38864","prevDayPx":"64876.0","dayNtlVlm":"3211891258.243537426","premium":"-0.0007036637","oraclePx":"63951.0","markPx":"63909.0","midPx":"63905.5","impactPxs":["63905.0","63906.0"],"dayBaseVlm":"50340.9712600001"}}}}
{"ts":1771978451230,"source":"hl_ws","message":{"channel":"trades","data":[{"coin":"BTC","side":"A","px":"63905.0","sz":"0.00075","time":1771978451033,"hash":"0x0000000000000000000000000000000000000000000000000000000000000000","tid":1105653179278148,"users":["0x2df8f8d2468f23885609b868d3c6398a1b16f43d","0xd8592afc09c864df215d8012122aed08e4ae453f"]}]}}
{"ts":1771978451393,"source":"hl_ws","message":{"channel":"trades","data":[{"coin":"BTC","side":"A","px":"63905.0","sz":"0.00077","time":1771978451234,"hash":"0xcb195a9686936535cc930435f2856902065c007c219684076ee205e945973f20","tid":37240431312524,"users":["0x2df8f8d2468f23885609b868d3c6398a1b16f43d","0xfd18bda85a7f9eda49d7356fa0ad6f3fca4dcd44"]}]}}
{"ts":1771978451393,"source":"hl_ws","message":{"channel":"l2Book","data":{"coin":"BTC","time":1771978451234,"levels":[[{"px":"63905.0","sz":"1.95595","n":14},{"px":"63904.0","sz":"0.55357","n":2},{"px":"63903.0","sz":"0.40143","n":3},{"px":"63902.0","sz":"1.56765","n":2},{"px":"63901.0","sz":"0.22531","n":1},{"px":"63898.0","sz":"0.03357","n":2},{"px":"63897.0","sz":"0.06418","n":3},{"px":"63896.0","sz":"1.20379","n":2},{"px":"63895.0","sz":"0.26497","n":3},{"px":"63894.0","sz":"0.27798","n":3},{"px":"63893.0","sz":"0.33216","n":8},{"px":"63892.0","sz":"1.51048","n":6},{"px":"63891.0","sz":"0.51208","n":5},{"px":"63890.0","sz":"1.73813","n":2},{"px":"63889.0","sz":"0.79318","n":5},{"px":"63887.0","sz":"1.05163","n":4},{"px":"63886.0","sz":"1.454","n":5},{"px":"63885.0","sz":"2.2193","n":5},{"px":"63884.0","sz":"2.20597","n":4},{"px":"63883.0","sz":"5.44261","n":5}],[{"px":"63906.0","sz":"9.82328","n":24},{"px":"63907.0","sz":"2.14703","n":8},{"px":"63908.0","sz":"0.75623","n":4},{"px":"63909.0","sz":"0.0019","n":3},{"px":"63910.0","sz":"1.09811","n":3},{"px":"63911.0","sz":"3.59888","n":3},{"px":"63912.0","sz":"4.48859","n":6},{"px":"63913.0","sz":"3.25029","n":6},{"px":"63914.0","sz":"1.18449","n":2},{"px":"63915.0","sz":"5.53506","n":5},{"px":"63916.0","sz":"11.14979","n":4},{"px":"63917.0","sz":"0.09399","n":3},{"px":"63918.0","sz":"4.71276","n":4},{"px":"63919.0","sz":"0.70736","n":4},{"px":"63920.0","sz":"21.17318","n":5},{"px":"63921.0","sz":"2.79621","n":8},{"px":"63922.0","sz":"1.03707","n":7},{"px":"63923.0","sz":"1.89884","n":7},{"px":"63924.0","sz":"5.83422","n":5},{"px":"63925.0","sz":"1.47103","n":6}]]}}}
{"ts":1771978451858,"source":"hl_ws","message":{"channel":"l2Book","data":{"coin":"BTC","time":1771978451736,"levels":[[{"px":"63905.0","sz":"1.9307","n":12},{"px":"63904.0","sz":"0.05357","n":1},{"px":"63903.0","sz":"0.24009","n":2},{"px":"63902.0","sz":"1.56765","n":2},{"px":"63901.0","sz":"0.22531","n":1},{"px":"63899.0","sz":"0.1525","n":1},{"px":"63898.0","sz":"0.03357","n":2},{"px":"63897.0","sz":"0.06418","n":3},{"px":"63896.0","sz":"1.20379","n":2},{"px":"63895.0","sz":"0.26497","n":3},{"px":"63894.0","sz":"0.27798","n":3},{"px":"63893.0","sz":"0.33216","n":8},{"px":"63892.0","sz":"1.51048","n":6},{"px":"63891.0","sz":"0.51208","n":5},{"px":"63890.0","sz":"1.73813","n":2},{"px":"63889.0","sz":"0.79318","n":5},{"px":"63887.0","sz":"1.05163","n":4},{"px":"63886.0","sz":"3.33229","n":6},{"px":"63885.0","sz":"2.2193","n":5},{"px":"63884.0","sz":"2.20597","n":4}],[{"px":"63906.0","sz":"6.77186","n":29},{"px":"63907.0","sz":"1.4429","n":7},{"px":"63908.0","sz":"0.75623","n":4},{"px":"63909.0","sz":"4.46137","n":5},{"px":"63910.0","sz":"1.24811","n":4},{"px":"63911.0","sz":"3.59889","n":3},{"px":"63912.0","sz":"2.55408","n":7},{"px":"63913.0","sz":"3.25029","n":6},{"px":"63914.0","sz":"1.278","n":3},{"px":"63915.0","sz":"9.29003","n":6},{"px":"63916.0","sz":"11.14979","n":4},{"px":"63917.0","sz":"0.00033","n":2},{"px":"63918.0","sz":"4.71276","n":4},{"px":"63919.0","sz":"0.70736","n":4},{"px":"63920.0","sz":"21.17318","n":5},{"px":"63921.0","sz":"2.79621","n":8},{"px":"63922.0","sz":"1.03707","n":7},{"px":"63923.0","sz":"1.89884","n":7},{"px":"63924.0","sz":"5.83422","n":5},{"px":"63925.0","sz":"1.47103","n":6}]]}}}
{"ts":1771978452239,"source":"hl_ws","message":{"channel":"trades","data":[{"coin":"BTC","side":"A","px":"63905.0","sz":"0.02472","time":1771978452004,"hash":"0x0000000000000000000000000000000000000000000000000000000000000000","tid":483899942354450,"users":["0x2df8f8d2468f23885609b868d3c6398a1b16f43d","0xae78adaba70f18c15418001263504af373884520"]},{"coin":"BTC","side":"B","px":"63906.0","sz":"0.0032","time":1771978452004,"hash":"0x0000000000000000000000000000000000000000000000000000000000000000","tid":276582880113056,"users":["0x891a46617b6997f1d809147bb0c9d62e4af2271a","0x33ad48ed92e3e91a98278f0f7456eae6eafa516e"]},{"coin":"BTC","side":"A","px":"63905.0","sz":"0.00116","time":1771978452004,"hash":"0x1c73bb43f2ec9be51ded0435f285730206b700298defbab7c03c6696b1e075cf","tid":267565148996132,"users":["0x2df8f8d2468f23885609b868d3c6398a1b16f43d","0x89a289b2e7436ddb73d00812f9d904d761243ab6"]}]}}
{"ts":1771978452239,"source":"hl_ws","message":{"channel":"activeAssetCtx","data":{"coin":"BTC","ctx":{"funding":"-0.0000171131","openInterest":"25568.44112","prevDayPx":"64876.0","dayNtlVlm":"3211893217.102537632","premium":"-0.0007036637","oraclePx":"63951.0","markPx":"63909.0","midPx":"63905.5","impactPxs":["63905.0","63906.0"],"dayBaseVlm":"50341.0018600001"}}}}
{"ts":1771978452535,"source":"hl_ws","message":{"channel":"l2Book","data":{"coin":"BTC","time":1771978452348,"levels":[[{"px":"63905.0","sz":"1.90607","n":13},{"px":"63904.0","sz":"0.05357","n":1},{"px":"63903.0","sz":"0.45543","n":3},{"px":"63902.0","sz":"2.06765","n":3},{"px":"63901.0","sz":"0.22531","n":1},{"px":"63899.0","sz":"0.1525","n":1},{"px":"63898.0","sz":"0.03357","n":2},{"px":"63897.0","sz":"0.06418","n":3},{"px":"63896.0","sz":"1.43852","n":3},{"px":"63895.0","sz":"0.26497","n":3},{"px":"63894.0","sz":"0.04323","n":2},{"px":"63893.0","sz":"0.33216","n":8},{"px":"63892.0","sz":"1.51048","n":6},{"px":"63891.0","sz":"0.51208","n":5},{"px":"63890.0","sz":"1.73813","n":2},{"px":"63889.0","sz":"0.79318","n":5},{"px":"63887.0","sz":"1.05163","n":4},{"px":"63886.0","sz":"3.33229","n":6},{"px":"63885.0","sz":"0.94726","n":5},{"px":"63884.0","sz":"2.20597","n":4}],[{"px":"63906.0","sz":"3.68486","n":17},{"px":"63907.0","sz":"1.20819","n":6},{"px":"63908.0","sz":"0.75623","n":4},{"px":"63909.0","sz":"2.1127","n":5},{"px":"63910.0","sz":"0.3774","n":4},{"px":"63911.0","sz":"5.00716","n":3},{"px":"63912.0","sz":"0.03608","n":4},{"px":"63913.0","sz":"4.13039","n":6},{"px":"63914.0","sz":"1.18449","n":2},{"px":"63915.0","sz":"5.22208","n":4},{"px":"63916.0","sz":"11.14979","n":4},{"px":"63917.0","sz":"0.00033","n":2},{"px":"63918.0","sz":"4.71276","n":4},{"px":"63919.0","sz":"0.94203","n":5},{"px":"63920.0","sz":"21.20437","n":6},{"px":"63921.0","sz":"2.79621","n":8},{"px":"63922.0","sz":"1.03707","n":7},{"px":"63923.0","sz":"1.89884","n":7},{"px":"63924.0","sz":"5.83422","n":5},{"px":"63925.0","sz":"1.47103","n":6}]]}}}
{"ts":1771978452651,"source":"hl_ws","message":{"channel":"trades","data":[{"coin":"BTC","side":"B","px":"63906.0","sz":"0.00016","time":1771978452450,"hash":"0x720163cb954fc654737b0435f285780204f400b13042e52615ca0f1e5443a03f","tid":325356098672755,"users":["0xd6f2e12d05a2ae1c4a6d97eab3213543c3f0ae8b","0x33ad48ed92e3e91a98278f0f7456eae6eafa516e"]}]}}
{"ts":1771978453390,"source":"hl_ws","message":{"channel":"l2Book","data":{"coin":"BTC","time":1771978452765,"levels":[[{"px":"63905.0","sz":"1.96482","n":13},{"px":"63903.0","sz":"0.45543","n":3},{"px":"63902.0","sz":"1.56765","n":2},{"px":"63901.0","sz":"0.22531","n":1},{"px":"63899.0","sz":"0.1525","n":1},{"px":"63898.0","sz":"0.03357","n":2},{"px":"63897.0","sz":"0.06418","n":3},{"px":"63896.0","sz":"1.20378","n":2},{"px":"63895.0","sz":"0.49972","n":4},{"px":"63894.0","sz":"0.04323","n":2},{"px":"63893.0","sz":"0.33116","n":7},{"px":"63892.0","sz":"1.51048","n":6},{"px":"63891.0","sz":"0.51308","n":6},{"px":"63890.0","sz":"2.91201","n":3},{"px":"63889.0","sz":"0.79318","n":5},{"px":"63887.0","sz":"1.05163","n":4},{"px":"63886.0","sz":"3.33229","n":6},{"px":"63885.0","sz":"0.94726","n":5},{"px":"63884.0","sz":"2.20597","n":4},{"px":"63883.0","sz":"7.32102","n":5}],[{"px":"63906.0","sz":"4.80874","n":23},{"px":"63907.0","sz":"1.20976","n":7},{"px":"63908.0","sz":"0.75623","n":4},{"px":"63909.0","sz":"2.1127","n":5},{"px":"63910.0","sz":"0.77249","n":4},{"px":"63911.0","sz":"3.75559","n":3},{"px":"63912.0","sz":"2.90018","n":6},{"px":"63913.0","sz":"4.13039","n":6},{"px":"63914.0","sz":"1.18449","n":2},{"px":"63915.0","sz":"10.75974","n":6},{"px":"63916.0","sz":"11.14979","n":4},{"px":"63917.0","sz":"0.00333","n":3},{"px":"63918.0","sz":"4.71276","n":4},{"px":"63919.0","sz":"0.97303","n":5},{"px":"63920.0","sz":"21.20437","n":6},{"px":"63921.0","sz":"2.79621","n":8},{"px":"63922.0","sz":"1.03707","n":7},{"px":"63923.0","sz":"1.89884","n":7},{"px":"63924.0","sz":"5.83422","n":5},{"px":"63925.0","sz":"1.47103","n":6}]]}}}
{"ts":1771978453390,"source":"hl_ws","message":{"channel":"activeAssetCtx","data":{"coin":"BTC","ctx":{"funding":"-0.0000171131","openInterest":"25568.44112","prevDayPx":"64876.0","dayNtlVlm":"3211893227.3449378014","premium":"-0.0007036637","oraclePx":"63951.0","markPx":"63909.0","midPx":"63905.5","impactPxs":["63905.0","63906.0"],"dayBaseVlm":"50341.0020200001"}}}}
{"ts":1771978453591,"source":"hl_ws","message":{"channel":"l2Book","data":{"coin":"BTC","time":1771978453361,"levels":[[{"px":"63905.0","sz":"1.96607","n":14},{"px":"63904.0","sz":"0.5","n":1},{"px":"63903.0","sz":"0.51024","n":4},{"px":"63902.0","sz":"1.56765","n":2},{"px":"63901.0","sz":"0.22531","n":1},{"px":"63899.0","sz":"0.1525","n":1},{"px":"63898.0","sz":"0.03357","n":2},{"px":"63897.0","sz":"0.06418","n":3},{"px":"63896.0","sz":"1.20378","n":2},{"px":"63895.0","sz":"0.49972","n":4},{"px":"63894.0","sz":"0.04323","n":2},{"px":"63893.0","sz":"0.33116","n":7},{"px":"63892.0","sz":"1.51048","n":6},{"px":"63891.0","sz":"0.51308","n":6},{"px":"63890.0","sz":"2.91201","n":3},{"px":"63889.0","sz":"0.79318","n":5},{"px":"63887.0","sz":"1.05163","n":4},{"px":"63886.0","sz":"3.33229","n":6},{"px":"63885.0","sz":"0.94726","n":5},{"px":"63884.0","sz":"2.20597","n":4}],[{"px":"63906.0","sz":"6.29958","n":25},{"px":"63907.0","sz":"1.91389","n":8},{"px":"63908.0","sz":"1.59173","n":6},{"px":"63909.0","sz":"4.69452","n":5},{"px":"63910.0","sz":"0.27863","n":4},{"px":"63911.0","sz":"0.00035","n":2},{"px":"63912.0","sz":"2.90018","n":6},{"px":"63913.0","sz":"4.13039","n":6},{"px":"63914.0","sz":"1.18449","n":2},{"px":"63915.0","sz":"10.75974","n":6},{"px":"63916.0","sz":"11.14979","n":4},{"px":"63917.0","sz":"0.09681","n":4},{"px":"63918.0","sz":"4.71276","n":4},{"px":"63919.0","sz":"1.00317","n":6},{"px":"63920.0","sz":"21.20437","n":6},{"px":"63921.0","sz":"2.79621","n":8},{"px":"63922.0","sz":"1.03707","n":7},{"px":"63923.0","sz":"1.89884","n":7},{"px":"63924.0","sz":"5.83422","n":5},{"px":"63925.0","sz":"1.47103","n":6}]]}}}
{"ts":1771978454113,"source":"hl_ws","message":{"channel":"l2Book","data":{"coin":"BTC","time":1771978453884,"levels":[[{"px":"63905.0","sz":"0.56094","n":5},{"px":"63904.0","sz":"0.5","n":1},{"px":"63903.0","sz":"0.00029","n":1},{"px":"63899.0","sz":"0.1525","n":1},{"px":"63898.0","sz":"0.003","n":1},{"px":"63897.0","sz":"0.00018","n":1},{"px":"63896.0","sz":"1.59499","n":2},{"px":"63895.0","sz":"0.06497","n":2},{"px":"63894.0","sz":"1.21699","n":3},{"px":"63893.0","sz":"0.09711","n":6},{"px":"63892.0","sz":"1.22792","n":6},{"px":"63891.0","sz":"0.05772","n":4},{"px":"63890.0","sz":"0.2","n":1},{"px":"63889.0","sz":"0.04289","n":3},{"px":"63888.0","sz":"1.46834","n":2},{"px":"63887.0","sz":"0.39163","n":3},{"px":"63886.0","sz":"0.04527","n":3},{"px":"63885.0","sz":"0.79074","n":4},{"px":"63884.0","sz":"1.72996","n":4},{"px":"63883.0","sz":"1.91318","n":3}],[{"px":"63906.0","sz":"11.47414","n":31},{"px":"63907.0","sz":"2.46156","n":8},{"px":"63908.0","sz":"1.83397","n":9},{"px":"63909.0","sz":"15.58631","n":8},{"px":"63910.0","sz":"0.42677","n":7},{"px":"63911.0","sz":"1.4719","n":4},{"px":"63912.0","sz":"1.66251","n":7},{"px":"63913.0","sz":"20.25919","n":7},{"px":"63914.0","sz":"0.32828","n":3},{"px":"63915.0","sz":"10.058","n":8},{"px":"63916.0","sz":"1.67363","n":3},{"px":"63917.0","sz":"2.85758","n":5},{"px":"63918.0","sz":"5.3706","n":5},{"px":"63919.0","sz":"0.09577","n":5},{"px":"63920.0","sz":"11.87012","n":5},{"px":"63921.0","sz":"4.47817","n":9},{"px":"63922.0","sz":"1.084","n":8},{"px":"63923.0","sz":"1.89884","n":7},{"px":"63924.0","sz":"9.74503","n":6},{"px":"63925.0","sz":"1.47103","n":6}]]}}}
{"ts":1771978454354,"source":"hl_ws","message":{"channel":"trades","data":[{"coin":"BTC","side":"A","px":"63905.0","sz":"0.00051","time":1771978454043,"hash":"0x0000000000000000000000000000000000000000000000000000000000000000","tid":766026943067257,"users":["0x2df8f8d2468f23885609b868d3c6398a1b16f43d","0xd8592afc09c864df215d8012122aed08e4ae453f"]}]}}
{"ts":1771978454354,"source":"hl_ws","message":{"channel":"activeAssetCtx","data":{"coin":"BTC","ctx":{"funding":"-0.0000171131","openInterest":"25568.44214","prevDayPx":"64876.0","dayNtlVlm":"3211893259.9925875664","premium":"-0.0007036637","oraclePx":"63951.0","markPx":"63909.0","midPx":"63905.5","impactPxs":["63905.0","63906.0"],"dayBaseVlm":"50341.0025300001"}}}}
{"ts":1771978454687,"source":"hl_ws","message":{"channel":"l2Book","data":{"coin":"BTC","time":1771978454432,"levels":[[{"px":"63905.0","sz":"0.9232","n":9},{"px":"63904.0","sz":"0.5","n":1},{"px":"63903.0","sz":"0.00029","n":1},{"px":"63901.0","sz":"0.20189","n":1},{"px":"63900.0","sz":"0.05453","n":1},{"px":"63899.0","sz":"0.1525","n":1},{"px":"63898.0","sz":"0.003","n":1},{"px":"63897.0","sz":"0.00298","n":2},{"px":"63896.0","sz":"0.0301","n":1},{"px":"63895.0","sz":"0.06497","n":2},{"px":"63894.0","sz":"2.78192","n":4},{"px":"63893.0","sz":"0.09711","n":6},{"px":"63892.0","sz":"1.46268","n":7},{"px":"63891.0","sz":"0.05772","n":4},{"px":"63890.0","sz":"0.46059","n":2},{"px":"63889.0","sz":"0.04289","n":3},{"px":"63888.0","sz":"1.46834","n":2},{"px":"63887.0","sz":"0.03324","n":2},{"px":"63886.0","sz":"0.04527","n":3},{"px":"63885.0","sz":"0.79074","n":4}],[{"px":"63906.0","sz":"10.77","n":30},{"px":"63907.0","sz":"1.20976","n":7},{"px":"63908.0","sz":"3.77104","n":8},{"px":"63909.0","sz":"11.77077","n":5},{"px":"63910.0","sz":"0.97395","n":5},{"px":"63911.0","sz":"2.34738","n":3},{"px":"63912.0","sz":"3.44719","n":5},{"px":"63913.0","sz":"20.24355","n":6},{"px":"63914.0","sz":"1.70167","n":3},{"px":"63915.0","sz":"7.96408","n":6},{"px":"63916.0","sz":"0.00017","n":1},{"px":"63917.0","sz":"1.60598","n":4},{"px":"63918.0","sz":"2.83177","n":4},{"px":"63919.0","sz":"1.31607","n":5},{"px":"63920.0","sz":"2.53587","n":4},{"px":"63921.0","sz":"1.55112","n":9},{"px":"63922.0","sz":"0.83707","n":6},{"px":"63923.0","sz":"2.36925","n":9},{"px":"63924.0","sz":"12.67816","n":7},{"px":"63925.0","sz":"1.47103","n":6}]]}}}
{"ts":1771978455224,"source":"hl_ws","message":{"channel":"l2Book","data":{"coin":"BTC","time":1771978454969,"levels":[[{"px":"63905.0","sz":"0.77727","n":13},{"px":"63903.0","sz":"0.00029","n":1},{"px":"63902.0","sz":"1.56482","n":1},{"px":"63901.0","sz":"0.20189","n":1},{"px":"63900.0","sz":"1.22841","n":3},{"px":"63899.0","sz":"0.1525","n":1},{"px":"63898.0","sz":"0.003","n":1},{"px":"63897.0","sz":"0.00298","n":2},{"px":"63896.0","sz":"0.0301","n":1},{"px":"63895.0","sz":"0.71492","n":4},{"px":"63894.0","sz":"0.04323","n":2},{"px":"63893.0","sz":"1.78264","n":8},{"px":"63892.0","sz":"1.22792","n":6},{"px":"63891.0","sz":"0.05772","n":4},{"px":"63890.0","sz":"0.46059","n":2},{"px":"63889.0","sz":"0.04289","n":3},{"px":"63888.0","sz":"1.87919","n":2},{"px":"63887.0","sz":"0.03324","n":2},{"px":"63886.0","sz":"1.21922","n":4},{"px":"63885.0","sz":"4.86501","n":7}],[{"px":"63906.0","sz":"0.97776","n":9},{"px":"63907.0","sz":"1.39672","n":7},{"px":"63908.0","sz":"2.87301","n":6},{"px":"63909.0","sz":"1.18474","n":3},{"px":"63910.0","sz":"0.23536","n":3},{"px":"63911.0","sz":"1.40853","n":4},{"px":"63912.0","sz":"5.40295","n":7},{"px":"63913.0","sz":"1.83884","n":6},{"px":"63914.0","sz":"3.75524","n":2},{"px":"63915.0","sz":"0.00035","n":2},{"px":"63916.0","sz":"0.2538","n":2},{"px":"63917.0","sz":"2.7749","n":7},{"px":"63918.0","sz":"3.09658","n":6},{"px":"63919.0","sz":"2.78271","n":6},{"px":"63920.0","sz":"18.8577","n":5},{"px":"63921.0","sz":"3.90006","n":9},{"px":"63922.0","sz":"2.52665","n":7},{"px":"63923.0","sz":"1.89884","n":7},{"px":"63924.0","sz":"2.3569","n":3},{"px":"63925.0","sz":"0.03454","n":4}]]}}}
{"ts":1771978455362,"source":"hl_ws","message":{"channel":"activeAssetCtx","data":{"coin":"BTC","ctx":{"funding":"-0.0000171616","openInterest":"25568.44214","prevDayPx":"64876.0","dayNtlVlm":"3211893259.9925875664","premium":"-0.0007036637","oraclePx":"63951.0","markPx":"63909.0","midPx":"63905.5","impactPxs":["63905.0","63906.0"],"dayBaseVlm":"50341.0025300001"}}}}
{"ts":1771978455708,"source":"hl_ws","message":{"channel":"l2Book","data":{"coin":"BTC","time":1771978455496,"levels":[[{"px":"63905.0","sz":"2.71854","n":12},{"px":"63903.0","sz":"0.00029","n":1},{"px":"63902.0","sz":"1.56482","n":1},{"px":"63901.0","sz":"0.20189","n":1},{"px":"63900.0","sz":"1.22845","n":3},{"px":"63899.0","sz":"0.1525","n":1},{"px":"63898.0","sz":"0.003","n":1},{"px":"63897.0","sz":"0.00298","n":2},{"px":"63896.0","sz":"0.08129","n":2},{"px":"63895.0","sz":"0.29972","n":3},{"px":"63894.0","sz":"1.20683","n":4},{"px":"63893.0","sz":"1.56434","n":7},{"px":"63892.0","sz":"1.22792","n":6},{"px":"63891.0","sz":"0.82181","n":7},{"px":"63890.0","sz":"1.37388","n":2},{"px":"63889.0","sz":"0.04289","n":3},{"px":"63888.0","sz":"1.87919","n":2},{"px":"63887.0","sz":"0.03324","n":2},{"px":"63886.0","sz":"1.21922","n":4},{"px":"63885.0","sz":"1.26492","n":7}],[{"px":"63906.0","sz":"2.89823","n":11},{"px":"63907.0","sz":"1.39672","n":7},{"px":"63908.0","sz":"0.99535","n":5},{"px":"63909.0","sz":"1.18474","n":3},{"px":"63910.0","sz":"1.01134","n":4},{"px":"63911.0","sz":"5.1638","n":5},{"px":"63912.0","sz":"2.82681","n":7},{"px":"63913.0","sz":"1.83884","n":6},{"px":"63914.0","sz":"3.44691","n":2},{"px":"63915.0","sz":"16.05242","n":8},{"px":"63916.0","sz":"0.03133","n":2},{"px":"63917.0","sz":"0.42813","n":6},{"px":"63918.0","sz":"5.59432","n":6},{"px":"63919.0","sz":"2.78271","n":6},{"px":"63920.0","sz":"18.8577","n":5},{"px":"63921.0","sz":"2.88522","n":10},{"px":"63922.0","sz":"2.1408","n":6},{"px":"63923.0","sz":"5.43894","n":9},{"px":"63924.0","sz":"2.3569","n":3},{"px":"63925.0","sz":"0.03454","n":4}]]}}}
{"ts":1771978456299,"source":"hl_ws","message":{"channel":"l2Book","data":{"coin":"BTC","time":1771978456049,"levels":[[{"px":"63905.0","sz":"2.83654","n":18},{"px":"63903.0","sz":"0.00029","n":1},{"px":"63902.0","sz":"0.20188","n":1},{"px":"63900.0","sz":"1.17392","n":2},{"px":"63899.0","sz":"0.1525","n":1},{"px":"63898.0","sz":"0.003","n":1},{"px":"63897.0","sz":"0.00298","n":2},{"px":"63896.0","sz":"0.08129","n":2},{"px":"63895.0","sz":"1.86454","n":4},{"px":"63894.0","sz":"0.50117","n":3},{"px":"63893.0","sz":"1.56434","n":7},{"px":"63892.0","sz":"1.22792","n":6},{"px":"63891.0","sz":"0.50974","n":5},{"px":"63890.0","sz":"1.37388","n":2},{"px":"63889.0","sz":"0.04289","n":3},{"px":"63888.0","sz":"0.441","n":2},{"px":"63887.0","sz":"1.91149","n":3},{"px":"63886.0","sz":"1.21922","n":4},{"px":"63885.0","sz":"1.92492","n":8},{"px":"63884.0","sz":"0.55597","n":3}],[{"px":"63906.0","sz":"4.44453","n":18},{"px":"63907.0","sz":"1.39672","n":7},{"px":"63908.0","sz":"0.99535","n":5},{"px":"63909.0","sz":"2.43649","n":4},{"px":"63910.0","sz":"1.00606","n":4},{"px":"63911.0","sz":"1.40857","n":4},{"px":"63912.0","sz":"7.20075","n":7},{"px":"63913.0","sz":"1.84222","n":7},{"px":"63914.0","sz":"4.9137","n":3},{"px":"63915.0","sz":"16.25555","n":8},{"px":"63916.0","sz":"0.03133","n":2},{"px":"63917.0","sz":"0.42813","n":6},{"px":"63918.0","sz":"5.59432","n":6},{"px":"63919.0","sz":"1.31604","n":5},{"px":"63920.0","sz":"18.8577","n":5},{"px":"63921.0","sz":"2.88522","n":10},{"px":"63922.0","sz":"2.1408","n":6},{"px":"63923.0","sz":"5.38511","n":8},{"px":"63924.0","sz":"2.3569","n":3},{"px":"63925.0","sz":"0.03454","n":4}]]}}}
{"ts":1771978456299,"source":"hl_ws","message":{"channel":"activeAssetCtx","data":{"coin":"BTC","ctx":{"funding":"-0.0000171616","openInterest":"25568.44214","prevDayPx":"64876.0","dayNtlVlm":"3211893259.9925875664","premium":"-0.0007036637","oraclePx":"63951.0","markPx":"63909.0","midPx":"63905.5","impactPxs":["63905.0","63906.0"],"dayBaseVlm":"50341.0025300001"}}}}
{"ts":1771978456746,"source":"hl_ws","message":{"channel":"l2Book","data":{"coin":"BTC","time":1771978456578,"levels":[[{"px":"63905.0","sz":"5.52088","n":18},{"px":"63904.0","sz":"0.61192","n":3},{"px":"63903.0","sz":"0.00029","n":1},{"px":"63902.0","sz":"0.22755","n":1},{"px":"63901.0","sz":"0.17521","n":1},{"px":"63900.0","sz":"1.97282","n":6},{"px":"63899.0","sz":"0.16409","n":2},{"px":"63898.0","sz":"0.03399","n":3},{"px":"63897.0","sz":"1.78518","n":6},{"px":"63896.0","sz":"0.2571","n":2},{"px":"63895.0","sz":"1.43875","n":4},{"px":"63894.0","sz":"2.59767","n":4},{"px":"63893.0","sz":"0.46732","n":7},{"px":"63892.0","sz":"0.04319","n":5},{"px":"63891.0","sz":"0.70708","n":6},{"px":"63890.0","sz":"1.17388","n":1},{"px":"63889.0","sz":"4.40319","n":6},{"px":"63888.0","sz":"1.75631","n":2},{"px":"63887.0","sz":"0.18976","n":3},{"px":"63886.0","sz":"6.07161","n":6}],[{"px":"63906.0","sz":"0.15403","n":2},{"px":"63907.0","sz":"0.01897","n":4},{"px":"63908.0","sz":"0.75623","n":4},{"px":"63909.0","sz":"0.00017","n":1},{"px":"63910.0","sz":"0.00017","n":1},{"px":"63911.0","sz":"1.17386","n":3},{"px":"63912.0","sz":"0.03608","n":4},{"px":"63913.0","sz":"3.08119","n":4},{"px":"63914.0","sz":"5.0068","n":3},{"px":"63915.0","sz":"9.3346","n":3},{"px":"63916.0","sz":"1.17359","n":2},{"px":"63917.0","sz":"0.86896","n":4},{"px":"63918.0","sz":"3.72442","n":4},{"px":"63919.0","sz":"3.44709","n":3},{"px":"63920.0","sz":"9.59521","n":3},{"px":"63921.0","sz":"3.31961","n":8},{"px":"63922.0","sz":"4.10017","n":8},{"px":"63923.0","sz":"2.07966","n":7},{"px":"63924.0","sz":"6.35395","n":5},{"px":"63925.0","sz":"5.24041","n":7}]]}}}
{"ts":1771978457269,"source":"hl_ws","message":{"channel":"trades","data":[{"coin":"BTC","side":"A","px":"63905.0","sz":"0.00067","time":1771978457054,"hash":"0x0000000000000000000000000000000000000000000000000000000000000000","tid":859348939681502,"users":["0x2df8f8d2468f23885609b868d3c6398a1b16f43d","0xd8592afc09c864df215d8012122aed08e4ae453f"]}]}}
{"ts":1771978457269,"source":"hl_ws","message":{"channel":"activeAssetCtx","data":{"coin":"BTC","ctx":{"funding":"-0.0000171616","openInterest":"25568.44348","prevDayPx":"64876.0","dayNtlVlm":"3211893302.8826375008","premium":"-0.0006802083","oraclePx":"63951.0","markPx":"63909.0","midPx":"63905.5","impactPxs":["63905.0","63907.5"],"dayBaseVlm":"50341.0032000001"}}}}
{"ts":1771978457406,"source":"hl_ws","message":{"channel":"l2Book","data":{"coin":"BTC","time":1771978457106,"levels":[[{"px":"63905.0","sz":"7.44646","n":22},{"px":"63904.0","sz":"0.9566","n":5},{"px":"63903.0","sz":"0.00029","n":1},{"px":"63902.0","sz":"0.46227","n":2},{"px":"63901.0","sz":"1.18456","n":1},{"px":"63900.0","sz":"2.11791","n":7},{"px":"63899.0","sz":"1.98324","n":5},{"px":"63898.0","sz":"0.03399","n":3},{"px":"63897.0","sz":"0.06488","n":3},{"px":"63896.0","sz":"0.07425","n":2},{"px":"63895.0","sz":"0.26497","n":3},{"px":"63894.0","sz":"0.3418","n":3},{"px":"63893.0","sz":"0.46732","n":7},{"px":"63892.0","sz":"3.92735","n":6},{"px":"63891.0","sz":"1.86325","n":8},{"px":"63890.0","sz":"1.56216","n":2},{"px":"63889.0","sz":"0.41201","n":4},{"px":"63888.0","sz":"1.75631","n":2},{"px":"63887.0","sz":"0.03324","n":2},{"px":"63886.0","sz":"9.82823","n":7}],[{"px":"63907.0","sz":"0.00333","n":3},{"px":"63908.0","sz":"0.70033","n":3},{"px":"63909.0","sz":"0.00017","n":1},{"px":"63910.0","sz":"0.00017","n":1},{"px":"63911.0","sz":"0.00192","n":3},{"px":"63912.0","sz":"0.03624","n":5},{"px":"63913.0","sz":"0.03017","n":2},{"px":"63914.0","sz":"0.00017","n":1},{"px":"63915.0","sz":"0.00035","n":2},{"px":"63916.0","sz":"2.35141","n":4},{"px":"63917.0","sz":"0.00033","n":2},{"px":"63918.0","sz":"1.17354","n":2},{"px":"63919.0","sz":"1.54078","n":3},{"px":"63920.0","sz":"1.25171","n":2},{"px":"63921.0","sz":"6.41852","n":7},{"px":"63922.0","sz":"6.75358","n":8},{"px":"63923.0","sz":"10.73832","n":8},{"px":"63924.0","sz":"3.29328","n":2},{"px":"63925.0","sz":"2.81536","n":6},{"px":"63926.0","sz":"10.98355","n":4}]]}}}
{"ts":1771978458169,"source":"hl_ws","message":{"channel":"l2Book","data":{"coin":"BTC","time":1771978457670,"levels":[[{"px":"63906.0","sz":"13.26513","n":45},{"px":"63905.0","sz":"3.88818","n":12},{"px":"63904.0","sz":"0.62148","n":3},{"px":"63903.0","sz":"0.00029","n":1},{"px":"63902.0","sz":"0.95516","n":3},{"px":"63901.0","sz":"1.24927","n":4},{"px":"63900.0","sz":"1.96425","n":7},{"px":"63899.0","sz":"0.10533","n":4},{"px":"63898.0","sz":"0.03399","n":3},{"px":"63897.0","sz":"1.98339","n":6},{"px":"63896.0","sz":"0.0301","n":1},{"px":"63895.0","sz":"1.23876","n":3},{"px":"63894.0","sz":"0.93075","n":4},{"px":"63893.0","sz":"0.46732","n":7},{"px":"63892.0","sz":"3.93504","n":7},{"px":"63891.0","sz":"1.0047","n":8},{"px":"63890.0","sz":"1.56216","n":2},{"px":"63889.0","sz":"0.41201","n":4},{"px":"63888.0","sz":"1.75631","n":2},{"px":"63887.0","sz":"0.03324","n":2}],[{"px":"63907.0","sz":"0.00317","n":2},{"px":"63908.0","sz":"0.70033","n":3},{"px":"63909.0","sz":"0.00049","n":3},{"px":"63910.0","sz":"0.00017","n":1},{"px":"63911.0","sz":"0.00192","n":3},{"px":"63912.0","sz":"0.03624","n":5},{"px":"63913.0","sz":"0.08541","n":3},{"px":"63914.0","sz":"0.00017","n":1},{"px":"63915.0","sz":"0.00035","n":2},{"px":"63916.0","sz":"2.14365","n":4},{"px":"63917.0","sz":"0.35722","n":4},{"px":"63918.0","sz":"1.21822","n":3},{"px":"63919.0","sz":"1.75048","n":4},{"px":"63920.0","sz":"1.95928","n":4},{"px":"63921.0","sz":"6.9779","n":5},{"px":"63922.0","sz":"4.0004","n":6},{"px":"63923.0","sz":"10.73832","n":8},{"px":"63924.0","sz":"3.34776","n":3},{"px":"63925.0","sz":"2.81443","n":5},{"px":"63926.0","sz":"11.13743","n":5}]]}}}
{"ts":1771978458656,"source":"hl_ws","message":{"channel":"trades","data":[{"coin":"BTC","side":"B","px":"63907.0","sz":"0.00017","time":1771978458058,"hash":"0x0000000000000000000000000000000000000000000000000000000000000000","tid":846848977962754,"users":["0x6ff708f79ad1429c326f5e962dff67c7413e5c87","0xf0480a7892bc260658e82359f3c9374bc0a75444"]},{"coin":"BTC","side":"B","px":"63907.0","sz":"0.00001","time":1771978458058,"hash":"0x0000000000000000000000000000000000000000000000000000000000000000","tid":877908792870389,"users":["0x6ff708f79ad1429c326f5e962dff67c7413e5c87","0x31dea2516beee92135b96f464eeec3cf292a13f2"]},{"coin":"BTC","side":"A","px":"63906.0","sz":"0.00037","time":1771978458058,"hash":"0x0000000000000000000000000000000000000000000000000000000000000000","tid":1095973176066681,"users":["0xabfae5ef417fec83a63dcdbff5a13f71d09045c5","0xdbd569d2b9e5fdb7f46c0b5ef2298b5d6e5679ce"]},{"coin":"BTC","side":"A","px":"63906.0","sz":"0.00019","time":1771978458058,"hash":"0x0000000000000000000000000000000000000000000000000000000000000000","tid":531578834284849,"users":["0xabfae5ef417fec83a63dcdbff5a13f71d09045c5","0x44b398bf3305ce9faddda0c812e931cf4ad17ec6"]}]}}
{"ts":1771978458656,"source":"hl_ws","message":{"channel":"activeAssetCtx","data":{"coin":"BTC","ctx":{"funding":"-0.0000171616","openInterest":"25568.44494","prevDayPx":"64876.0","dayNtlVlm":"3211893350.2537374496","premium":"-0.0006739535","oraclePx":"63951.0","markPx":"63909.0","midPx":"63906.5","impactPxs":["63906.0","63907.9"],"dayBaseVlm":"50341.0039400001"}}}}
{"ts":1771978458656,"source":"hl_ws","message":{"channel":"l2Book","data":{"coin":"BTC","time":1771978458186,"levels":[[{"px":"63906.0","sz":"13.14016","n":42},{"px":"63905.0","sz":"3.83816","n":12},{"px":"63904.0","sz":"0.62148","n":3},{"px":"63903.0","sz":"0.01297","n":2},{"px":"63902.0","sz":"0.95516","n":3},{"px":"63901.0","sz":"1.24927","n":4},{"px":"63900.0","sz":"1.96425","n":7},{"px":"63899.0","sz":"0.10533","n":4},{"px":"63898.0","sz":"0.03399","n":3},{"px":"63897.0","sz":"2.12367","n":7},{"px":"63896.0","sz":"0.25577","n":2},{"px":"63895.0","sz":"1.23876","n":3},{"px":"63894.0","sz":"0.89989","n":3},{"px":"63893.0","sz":"0.62542","n":8},{"px":"63892.0","sz":"3.93504","n":7},{"px":"63891.0","sz":"1.0047","n":8},{"px":"63890.0","sz":"1.40565","n":1},{"px":"63889.0","sz":"0.41201","n":4},{"px":"63888.0","sz":"1.75631","n":2},{"px":"63887.0","sz":"0.03324","n":2}],[{"px":"63907.0","sz":"0.00299","n":1},{"px":"63908.0","sz":"0.70017","n":2},{"px":"63909.0","sz":"0.01597","n":3},{"px":"63910.0","sz":"0.00017","n":1},{"px":"63911.0","sz":"0.00035","n":2},{"px":"63912.0","sz":"0.03608","n":4},{"px":"63913.0","sz":"0.08541","n":3},{"px":"63914.0","sz":"0.00017","n":1},{"px":"63915.0","sz":"0.00035","n":2},{"px":"63916.0","sz":"2.17566","n":5},{"px":"63917.0","sz":"0.35722","n":4},{"px":"63918.0","sz":"1.21822","n":3},{"px":"63919.0","sz":"0.66438","n":3},{"px":"63920.0","sz":"1.95927","n":4},{"px":"63921.0","sz":"6.9779","n":5},{"px":"63922.0","sz":"5.39181","n":7},{"px":"63923.0","sz":"10.73832","n":8},{"px":"63924.0","sz":"3.34776","n":3},{"px":"63925.0","sz":"2.81443","n":5},{"px":"63926.0","sz":"11.13743","n":5}]]}}}
{"ts":1771978458954,"source":"hl_ws","message":{"channel":"trades","data":[{"coin":"BTC","side":"A","px":"63906.0","sz":"0.00779","time":1771978458714,"hash":"0x1c3a6ba2bd68a9081db40435f285c302040f0088586bc7dac00316f57c6c82f2","tid":596839493468093,"users":["0xabfae5ef417fec83a63dcdbff5a13f71d09045c5","0x468a3dd19a5b8cb94fa143d01fe44b151c648552"]}]}}
{"ts":1771978458954,"source":"hl_ws","message":{"channel":"l2Book","data":{"coin":"BTC","time":1771978458714,"levels":[[{"px":"63906.0","sz":"13.27856","n":46},{"px":"63905.0","sz":"3.93625","n":9},{"px":"63904.0","sz":"0.4776","n":4},{"px":"63903.0","sz":"0.04413","n":3},{"px":"63902.0","sz":"0.72761","n":2},{"px":"63901.0","sz":"1.24927","n":4},{"px":"63900.0","sz":"0.48646","n":3},{"px":"63899.0","sz":"0.10533","n":4},{"px":"63898.0","sz":"0.03399","n":3},{"px":"63897.0","sz":"2.60947","n":7},{"px":"63896.0","sz":"0.25577","n":2},{"px":"63895.0","sz":"0.44794","n":3},{"px":"63894.0","sz":"0.89989","n":3},{"px":"63893.0","sz":"0.62542","n":8},{"px":"63892.0","sz":"3.93504","n":7},{"px":"63891.0","sz":"1.0047","n":8},{"px":"63890.0","sz":"1.40565","n":1},{"px":"63889.0","sz":"0.41201","n":4},{"px":"63888.0","sz":"1.75631","n":2},{"px":"63887.0","sz":"1.6362","n":3}],[{"px":"63907.0","sz":"0.00316","n":2},{"px":"63908.0","sz":"0.7","n":1},{"px":"63909.0","sz":"0.01597","n":3},{"px":"63910.0","sz":"0.00017","n":1},{"px":"63911.0","sz":"0.00035","n":2},{"px":"63912.0","sz":"0.03608","n":4},{"px":"63913.0","sz":"0.08541","n":3},{"px":"63914.0","sz":"0.00174","n":2},{"px":"63915.0","sz":"0.00035","n":2},{"px":"63916.0","sz":"2.17566","n":5},{"px":"63917.0","sz":"0.35722","n":4},{"px":"63918.0","sz":"2.4698","n":4},{"px":"63919.0","sz":"0.66438","n":3},{"px":"63920.0","sz":"1.88105","n":4},{"px":"63921.0","sz":"5.80459","n":4},{"px":"63922.0","sz":"7.73839","n":8},{"px":"63923.0","sz":"10.73832","n":8},{"px":"63924.0","sz":"3.34776","n":3},{"px":"63925.0","sz":"0.46795","n":4},{"px":"63926.0","sz":"11.1376","n":6}]]}}}
{"ts":1771978459329,"source":"hl_ws","message":{"channel":"trades","data":[{"coin":"BTC","side":"A","px":"63906.0","sz":"0.00019","time":1771978459094,"hash":"0x0000000000000000000000000000000000000000000000000000000000000000","tid":286887726200554,"users":["0xabfae5ef417fec83a63dcdbff5a13f71d09045c5","0x43675dfe9ff8351038e0ccc88e31b0ac94b883fe"]},{"coin":"BTC","side":"A","px":"63906.0","sz":"0.00019","time":1771978459094,"hash":"0x0000000000000000000000000000000000000000000000000000000000000000","tid":579409429738224,"users":["0xabfae5ef417fec83a63dcdbff5a13f71d09045c5","0x5775f3ca8b6c814e94eeaa1d0ccd25a710ffa274"]}]}}
{"ts":1771978459329,"source":"hl_ws","message":{"channel":"activeAssetCtx","data":{"coin":"BTC","ctx":{"funding":"-0.0000171616","openInterest":"25568.4457","prevDayPx":"64876.0","dayNtlVlm":"3211893873.2562870979","premium":"-0.0006739535","oraclePx":"63951.0","markPx":"63909.0","midPx":"63906.5","impactPxs":["63906.0","63907.9"],"dayBaseVlm":"50341.0121100001"}}}}
{"ts":1771978459479,"source":"hl_ws","message":{"channel":"l2Book","data":{"coin":"BTC","time":1771978459258,"levels":[[{"px":"63906.0","sz":"13.14694","n":45},{"px":"63905.0","sz":"3.98657","n":10},{"px":"63904.0","sz":"0.53347","n":5},{"px":"63903.0","sz":"0.04413","n":3},{"px":"63902.0","sz":"0.52121","n":3},{"px":"63901.0","sz":"1.24927","n":4},{"px":"63900.0","sz":"0.75679","n":4},{"px":"63899.0","sz":"0.09374","n":3},{"px":"63898.0","sz":"0.03399","n":3},{"px":"63897.0","sz":"3.63102","n":8},{"px":"63896.0","sz":"0.25577","n":2},{"px":"63895.0","sz":"0.44794","n":3},{"px":"63894.0","sz":"0.89989","n":3},{"px":"63893.0","sz":"0.62542","n":8},{"px":"63892.0","sz":"5.10888","n":8},{"px":"63891.0","sz":"1.0047","n":8},{"px":"63890.0","sz":"1.40565","n":1},{"px":"63889.0","sz":"0.41201","n":4},{"px":"63888.0","sz":"1.75631","n":2},{"px":"63887.0","sz":"1.6362","n":3}],[{"px":"63907.0","sz":"0.00316","n":2},{"px":"63908.0","sz":"0.70016","n":2},{"px":"63909.0","sz":"0.01597","n":3},{"px":"63910.0","sz":"0.00017","n":1},{"px":"63911.0","sz":"0.00035","n":2},{"px":"63912.0","sz":"0.03608","n":4},{"px":"63913.0","sz":"0.08541","n":3},{"px":"63914.0","sz":"0.00174","n":2},{"px":"63915.0","sz":"0.00035","n":2},{"px":"63916.0","sz":"3.34908","n":6},{"px":"63917.0","sz":"0.35722","n":4},{"px":"63918.0","sz":"2.4698","n":4},{"px":"63919.0","sz":"0.66438","n":3},{"px":"63920.0","sz":"1.88105","n":4},{"px":"63921.0","sz":"5.80459","n":4},{"px":"63922.0","sz":"7.73839","n":8},{"px":"63923.0","sz":"10.67529","n":6},{"px":"63924.0","sz":"3.29328","n":2},{"px":"63925.0","sz":"0.46795","n":4},{"px":"63926.0","sz":"11.1376","n":6}]]}}}
{"ts":1771978460063,"source":"hl_ws","message":{"channel":"l2Book","data":{"coin":"BTC","time":1771978459804,"levels":[[{"px":"63906.0","sz":"14.66799","n":47},{"px":"63905.0","sz":"2.5196","n":9},{"px":"63904.0","sz":"0.53347","n":5},{"px":"63903.0","sz":"0.04413","n":3},{"px":"63902.0","sz":"0.28649","n":2},{"px":"63901.0","sz":"1.24927","n":4},{"px":"63900.0","sz":"0.75679","n":4},{"px":"63899.0","sz":"0.09374","n":3},{"px":"63898.0","sz":"1.91192","n":4},{"px":"63897.0","sz":"1.75306","n":7},{"px":"63896.0","sz":"4.01179","n":3},{"px":"63895.0","sz":"0.44794","n":3},{"px":"63894.0","sz":"0.89989","n":3},{"px":"63893.0","sz":"0.62542","n":8},{"px":"63892.0","sz":"1.35264","n":7},{"px":"63891.0","sz":"1.0047","n":8},{"px":"63890.0","sz":"1.40565","n":1},{"px":"63889.0","sz":"0.41201","n":4},{"px":"63888.0","sz":"1.75631","n":2},{"px":"63887.0","sz":"1.6362","n":3}],[{"px":"63907.0","sz":"0.00316","n":2},{"px":"63908.0","sz":"0.70033","n":3},{"px":"63909.0","sz":"0.00033","n":2},{"px":"63910.0","sz":"0.00017","n":1},{"px":"63911.0","sz":"0.00035","n":2},{"px":"63912.0","sz":"0.03608","n":4},{"px":"63913.0","sz":"0.08541","n":3},{"px":"63914.0","sz":"0.00174","n":2},{"px":"63915.0","sz":"0.00035","n":2},{"px":"63916.0","sz":"0.29819","n":4},{"px":"63917.0","sz":"0.35722","n":4},{"px":"63918.0","sz":"3.09562","n":4},{"px":"63919.0","sz":"0.94363","n":4},{"px":"63920.0","sz":"0.00371","n":2},{"px":"63921.0","sz":"7.05612","n":5},{"px":"63922.0","sz":"7.26908","n":9},{"px":"63923.0","sz":"10.67529","n":6},{"px":"63924.0","sz":"3.29328","n":2},{"px":"63925.0","sz":"2.89937","n":7},{"px":"63926.0","sz":"11.16827","n":7}]]}}}
{"ts":1771978460203,"source":"hl_ws","message":{"channel":"trades","data":[{"coin":"BTC","side":"A","px":"63906.0","sz":"0.00019","time":1771978460010,"hash":"0x0000000000000000000000000000000000000000000000000000000000000000","tid":797300489673357,"users":["0xabfae5ef417fec83a63dcdbff5a13f71d09045c5","0xbae5e1fd212efdfae8a9ff44d5667c95f10f7902"]},{"coin":"BTC","side":"A","px":"63906.0","sz":"0.00024","time":1771978460010,"hash":"0x0000000000000000000000000000000000000000000000000000000000000000","tid":306809748771665,"users":["0xabfae5ef417fec83a63dcdbff5a13f71d09045c5","0x3fd8d4cfcc047856b12fcdcc135f78a50db2fa69"]},{"coin":"BTC","side":"A","px":"63906.0","sz":"0.00064","time":1771978460010,"hash":"0x0000000000000000000000000000000000000000000000000000000000000000","tid":558054780680525,"users":["0xabfae5ef417fec83a63dcdbff5a13f71d09045c5","0xd8592afc09c864df215d8012122aed08e4ae453f"]}]}}
{"ts":1771978460324,"source":"hl_ws","message":{"channel":"activeAssetCtx","data":{"coin":"BTC","ctx":{"funding":"-0.0000172445","openInterest":"25568.44736","prevDayPx":"64876.0","dayNtlVlm":"3211893941.7523369789","premium":"-0.0007520796","oraclePx":"63956.0","markPx":"63914.0","midPx":"63906.5","impactPxs":["63906.0","63907.9"],"dayBaseVlm":"50341.0131800001"}}}}
{"ts":1771978460551,"source":"hl_ws","message":{"channel":"l2Book","data":{"coin":"BTC","time":1771978460305,"levels":[[{"px":"63906.0","sz":"14.66692","n":47},{"px":"63905.0","sz":"2.60977","n":10},{"px":"63904.0","sz":"0.76819","n":6},{"px":"63903.0","sz":"0.04429","n":4},{"px":"63902.0","sz":"0.28649","n":2},{"px":"63901.0","sz":"2.42294","n":5},{"px":"63900.0","sz":"0.75679","n":4},{"px":"63899.0","sz":"0.09374","n":3},{"px":"63898.0","sz":"1.91192","n":4},{"px":"63897.0","sz":"2.29573","n":8},{"px":"63896.0","sz":"0.25577","n":2},{"px":"63895.0","sz":"0.44794","n":3},{"px":"63894.0","sz":"4.35286","n":3},{"px":"63893.0","sz":"0.62542","n":8},{"px":"63892.0","sz":"1.35264","n":7},{"px":"63891.0","sz":"1.0047","n":8},{"px":"63890.0","sz":"1.40565","n":1},{"px":"63889.0","sz":"1.07682","n":6},{"px":"63888.0","sz":"1.75631","n":2},{"px":"63887.0","sz":"1.6362","n":3}],[{"px":"63907.0","sz":"0.00316","n":2},{"px":"63908.0","sz":"0.70033","n":3},{"px":"63909.0","sz":"0.00033","n":2},{"px":"63910.0","sz":"0.00017","n":1},{"px":"63911.0","sz":"0.00035","n":2},{"px":"63912.0","sz":"0.03608","n":4},{"px":"63913.0","sz":"0.03017","n":2},{"px":"63914.0","sz":"0.00174","n":2},{"px":"63915.0","sz":"0.00035","n":2},{"px":"63916.0","sz":"0.29819","n":4},{"px":"63917.0","sz":"0.35722","n":4},{"px":"63918.0","sz":"3.09562","n":4},{"px":"63919.0","sz":"0.92346","n":3},{"px":"63920.0","sz":"0.7077","n":3},{"px":"63921.0","sz":"7.05612","n":5},{"px":"63922.0","sz":"6.30432","n":7},{"px":"63923.0","sz":"10.93608","n":7},{"px":"63924.0","sz":"3.29328","n":2},{"px":"63925.0","sz":"2.89937","n":7},{"px":"63926.0","sz":"11.01439","n":6}]]}}}
{"ts":1771978460695,"source":"hl_ws","message":{"channel":"trades","data":[{"coin":"BTC","side":"B","px":"63907.0","sz":"0.00018","time":1771978460497,"hash":"0x4fabd9934c870c4351250435f285d80202a80078e78a2b15f37484e60b8ae62d","tid":163963857993271,"users":["0x20c4f93bcad80c7b83c20deca8a7bc91b9e6a3b0","0x31dea2516beee92135b96f464eeec3cf292a13f2"]}]}}
